2832 4978
619 364 741 488 aar
828 357 835 376 “

194 593 229 616 ”
292 597 605 669 GOCGLXXXIH.
627 591 631 603 ¹
651 605 709 683 De
724 608 876 703 pupeieno
897 585 1040 670 nouae:
1135 623 1139 631 ·

281 743 378 807 Patris
393 743 553 822 supientia,
576 742 685 806 rer-itae
704 742 819 822 diviua,

278 827 362 894 Deus
381 830 471 892 lromo
493 838 596 909 neptus
617 838 663 890 eet
681 828 756 892 lroro
775 823 935 905 matutina,

280 915 308 978 Δ
329 915 392 978 suis
413 911 564 994 discipulis
585 912 641 998 pilo
661 912 817 974 derelictus
940 981 944 998 ι

279 999 394 1063 ludaeis
415 1009 459 1062 eet
480 999 601 1062 traditus
624 997 776 1089 venditus,
806 995 941 1060 allietus.

280 1133 362 1196 Hora
382 1133 480 1215 prima
500 1135 602 1196 duetus
622 1144 667 1196 est
687 1131 769 1204 lesus
790 1133 827 1196 ad
848 1128 991 1212 Pilatum,

280 1217 379 1282 Falsis
401 1219 574 1282 testimoniis
594 1218 717 1282 multum
739 1229 908 1282 accusatum
999 1292 1004 1302 ·

279 1303 312 1366 ln
331 1305 437 1366 collum
460 1303 622 1384 percutiunt
642 1302 778 1366 manibus
798 1302 922 1383 ligatum

274 1387 394 1452 Vultum
415 1387 470 1452 Dei
493 1397 672 1482 conspuunt,
692 1387 790 1450 lumen
812 1386 887 1450 eoeli
909 1391 1055 1472 gentum„
1082 1439 1084 1448 .

208 1539 211 1547 ’
278 1521 443 1606 crucifige,
464 1524 614 1588 clamitant
634 1525 709 1587 liora
729 1522 915 1593 Tertiamme
969 1554 971 1563 ·

279 1608 388 1674 illusus
410 1610 537 1686 induitur
555 1619 636 1694 ueste
659 1627 872 1689 purpurarum,

279 1691 374 1776 Gapnt
394 1695 458 1757 eius
481 1693 620 1774 pungitur
640 1711 747 1756 eoroua
767 1693 918 1772 spinarum

279 1775 404 1842 Crucem
427 1789 522 1862 portat
543 1781 673 1844 humeris
694 1779 731 1840 ad
752 1777 847 1839 lu'eum
870 1793 1040 1858 poenarum.

281 1913 365 1991 Hora
386 1926 470 1978 sexto
491 1915 573 1978 lesos
594 1923 639 1976 est
658 1910 736 1993 erupi
761 1911 947 1986 conclavatus

201 2019 209 2035 ²
279 1997 382 2062 [itast
403 2019 469 2078 erum
490 1999 652 2062 latronibus
674 1999 803 2078 pendeam
824 1999 994 2076 deputatus,

277 2081 525 2164 Praestormentis
549 2085 650 2148 sitiens
671 2083 740 2146 lello
762 2091 925 2162 satnratus,

277 2169 382 2250 Agnus
401 2169 510 2234 orimeu
531 2169 615 2234 diluit
635 2168 680 2235 sio
701 2165 875 2232 ludificetur.

278 2301 362 2371 Hora
382 2325 459 2368 noun
479 2303 614 2368 domiuus
634 2303 716 2367 Iesus
737 2299 914 2384 exspiravit,

278 2387 348 2454 Heli
366 2389 497 2452 olamans
518 2389 647 2452 animatu
668 2387 743 2470 patri
766 2387 992 2466 commendauit,

279 2473 370 2539 Latus
392 2476 456 2538 eius
478 2475 581 2555 lancee
600 2473 685 2536 miles
706 2471 880 2554 perforavit,

278 2555 375 2624 'derra
396 2569 463 2622 tuno
484 2558 655 2622 contremuit
675 2567 703 2618 et
725 2555 771 2620 sol
791 2553 972 2632 olsouravit,

279 2693 325 2758 De
345 2715 431 2760 eruco
452 2691 606 2776 deponitur
625 2694 700 2758 luera
720 2690 904 2774 vespertina,

279 2780 429 2844 Fortitudo
448 2779 533 2844 latuit
552 2779 585 2840 in
606 2787 702 2842 mente
721 2777 839 2854 diuina,

280 2864 385 2930 Talem
407 2877 529 2930 mortem
551 2863 641 2928 subiit
660 2863 739 2929 vitae
758 2859 917 2941 medicina,

277 2949 344 3013 Heu
366 2969 473 3015 ooroua
494 2950 608 3032 gloriae
628 2947 718 3012 iacuit
739 2948 854 3030 supina.

280 3083 363 3149 Hora
383 3085 563 3167 eompletorii
584 3085 670 3148 datur
689 3081 856 3165 sepulturae

280 3169 395 3254 Corpus
417 3171 526 3234 christi
547 3169 661 3260 nobile,
684 3189 753 3249 spes
773 3167 851 3232 ritae
871 3165 1005 3245 laturae,

281 3253 423 3318 Conditor
442 3268 588 3334 aromate,
609 3255 790 3336 complentur
811 3251 989 3333 scripturam

281 3339 363 3422 logis
385 3339 428 3404 sie
449 3339 591 3404 memoria
611 3360 692 3404 ruore
713 3347 756 3402 est
775 3338 847 3402 milri
870 3357 967 3402 errae.
1071 3401 1075 3414 ,

279 3475 342 3541 Heu
363 3477 453 3540 horas
474 3477 631 3540 canonieus
652 3495 719 3538 oum
741 3471 894 3535 dovotione

279 3561 347 3622 'lum
369 3561 487 3626 Christe
508 3563 605 3624 reeolo
627 3561 678 3641 pia
698 3557 811 3621 ratione

279 3645 319 3708 Ut
335 3645 388 3730 'qui
411 3667 464 3746 pro
485 3666 532 3708 me
554 3665 660 3727 pausus
683 3664 715 3707 es
738 3639 848 3706 amoris
870 3639 974 3701 ardore

280 3729 329 3795 Sis
349 3731 423 3796 mihi
444 3731 583 3796 solatium
603 3731 634 3794 in
654 3727 756 3792 mortis
777 3744 883 3808 egone.

216 3893 398 3960 luterollieia
409 3893 587 3976 votivaquae
600 3893 875 3956 deuotioniseuussa
886 3893 923 3954 ab
938 3891 1103 3956 homiuibus
1116 3891 1202 3956 medii

129 3978 199 4040 neri
220 3980 426 4060 recitabantur,
448 4001 508 4041 rrnn
529 4000 595 4042 cnm
618 3979 700 4041 horis
720 3977 754 4041 B.
772 3977 886 4040 Mariae
906 3979 1204 4058 frequentatissimum

129 4075 196 4125 erat
226 4068 326 4144 opinor
354 4065 483 4129 ollioium
511 4065 546 4125 de
574 4065 712 4148 passione
740 4062 870 4128 Domini.
917 4062 1051 4146 Hymnus
1078 4064 1206 4128 divorsis

129 4149 215 4216 horis
245 4153 373 4226 praebuit
399 4169 516 4212 carmen
545 4169 635 4226 supra
665 4147 823 4228 seriptum,
859 4151 1091 4212 commendatum
1116 4149 1204 4212 etiam

69 4283 80 4302 .
129 4251 151 4294 a
172 4231 321 4313 Lntltero,
341 4257 408 4298 eum
428 4233 594 4296 Friderieus
616 4235 723 4296 elector
745 4233 773 4294 in
793 4233 918 4295 ecelesia
938 4235 1067 4300 omniurn
1088 4244 1206 4297 sancto·

128 4337 200 4378 rum
224 4315 421 4402 limburgensi
444 4317 569 4401 plinium
587 4319 624 4383 de
646 4315 766 4384 eurtum
787 4317 925 4382 erneilixo
949 4319 1204 4386 hebdomadarium

11 4441 13 4488 p
166 4405 279 4454 Duum
297 4407 382 4460 Thea.
396 4407 504 4515 'Hymen
523 4407 544 4456 l.
954 4403 997 4467 22
