2864 4974
592 485 596 494 ’
636 463 731 548 'llll

89 669 116 682 ··
146 641 305 720 ineffabilis
321 645 435 708 erdem
463 643 593 727 insigniti
620 657 717 712 orante
750 667 835 730 onem
864 645 978 730 quidem
1003 646 1133 712 amomon
1163 650 1209 714 dei

148 731 313 811 piissimam
335 741 445 792 tautom
465 731 525 794 rim
544 732 574 794 in
594 731 707 796 mimos
728 735 835 797 dauers
856 733 995 810 iudicant,
1025 745 1056 796 nt
1076 735 1209 798 hemines
1239 774 1242 785 ·

147 815 259 880 Christi
287 815 417 878 crncifixi
454 825 482 876 st
512 817 627 879 dolores
656 819 809 882 senserint
834 829 863 880 et
896 819 1015 898 signnm
1050 819 1208 900 detulerint.
1328 837 1330 840 ·
1355 786 1358 792 ¹

149 903 225 964 Cum
243 911 342 964 nutem
364 901 487 974 dolituri
509 898 634 964 minimo¹
648 903 755 986 possit,
779 903 949 983 qain'illius
968 905 1074 993 plagae
1095 905 1210 967 diuinae

145 985 176 1046 in
201 985 293 1050 Prusa
314 986 540 1058 nostrumentio
561 988 638 1052 laets
658 987 696 1050 sit
714 989 796 1072 (Str.
817 989 848 1053 8.
870 990 939 1068 9.),
963 988 1090 1070 primum
1112 987 1211 1050 cauie-

146 1079 230 1132 otnra
250 1071 366 1150 assequi
388 1070 456 1132 lieet
463 1115 476 1146 ,
496 1083 643 1135 auctorem
667 1074 805 1136 carminis
825 1085 891 1156 post
910 1073 1059 1138 Francisci
1080 1083 1211 1152 tearpore
1340 1105 1344 1110 ·

147 1154 276 1235 uixisse,
298 1165 359 1218 tum
380 1175 448 1217 rere
470 1155 557 1220 etiam
578 1157 768 1237 improbabile
787 1179 845 1222 non
866 1159 938 1240 erit,
958 1159 1078 1220 eundem
1101 1178 1138 1220 ex
1160 1179 1210 1220 er·

144 1239 212 1302 diue
234 1242 440 1302 monachornm
461 1239 494 1305 S.
515 1242 663 1304 Francisci
683 1244 785 1308 luisse.
826 1243 908 1306 Hace
935 1243 1032 1306 omnis
1058 1243 1084 1306 si
1106 1251 1209 1325 repnte
1337 1285 1342 1308 .

144 1343 180 1387 ee
208 1327 370 1406 perpendo,
399 1325 480 1387 mitta
502 1327 714 1407 lnuocentinm,
743 1329 843 1406 reiicio
864 1328 1040 1410 Gregorius,
1063 1328 1209 1396 dubitatur

144 1409 217 1472 milti
238 1411 376 1474 loeuuese
405 1411 434 1471 in
463 1431 519 1474 uno
544 1413 696 1492 acquiesco
725 1414 827 1476 laoolro
853 1415 888 1474 de
916 1412 1089 1476 Benedictis.
1132 1413 1209 1476 Nam

144 1513 218 1576 quae
240 1497 326 1556 modo
347 1493 537 1576 exposuimus
557 1499 664 1576 optimo
690 1497 720 1563 ia
742 1499 821 1562 horno
846 1497 991 1580 seraphici
1012 1496 1137 1560 doctoris
1161 1517 1210 1560 se·

143 1579 298 1660 raplticnm
325 1575 437 1642 mdout‘
456 1579 639 1662 discipulum.
691 1582 783 1646 Porro
809 1585 1025 1646 comurcndntur
1046 1581 1209 1646 testimonio
1297 1632 1301 1650 .,

73 1720 79 1726 .
143 1666 243 1728 Lucae
269 1665 437 1748 Waddiugii
463 1666 621 1729 doctissimi
649 1685 685 1728 uo
711 1668 925 1748 diligentissimi
955 1667 1070 1748 siricii)
1104 1665 1209 1746 reliqui

37 1773 39 1779 ¹
144 1769 247 1815 omues
268 1749 356 1812 simili
379 1761 478 1812 eareat
500 1750 667 1830 patrocinio.
717 1752 867 1818 Consentis
897 1753 1020 1832 denique
1041 1771 1129 1833 prose
1150 1762 1211 1814 tarn

142 1849 211 1916 apte
233 1855 299 1898 eum
320 1836 414 1897 laoolri
437 1838 565 1899 moritus
586 1847 672 1916 atque
691 1835 826 1916 iugenio,
846 1857 911 1904 com
932 1835 1110 1900 carmiuilms
1130 1835 1210 1898 itali-

145 1941 179 1982 ee
200 1921 239 1980 ula
262 1920 326 2000 ipso
355 1920 523 1997 compositis
551 1931 597 1996 ut,
630 1920 655 1981 si
688 1921 882 2002 disceptatum
908 1933 951 1982 cst
978 1921 1119 2001 gemellos
1147 1922 1211 1982 loe-
1288 1959 1293 1979 .
1369 1941 1371 1948 ·

143 2005 266 2076 tussili
297 2023 363 2068 esse
389 2005 576 2081 simillimos,
605 2025 662 2066 neo
689 2007 816 2085 emplius
841 2007 964 2068 dolituri
998 2008 1105 2082 liceat,
1138 2004 1208 2086 quin

142 2091 303 2172 lneoponus
326 2109 391 2152 cum
414 2087 522 2154 ltalicis
543 2091 676 2154 cantibus
696 2091 825 2154 nostram
839 2091 961 2154 Prosaru
982 2093 1124 2172 genuerit.
1145 2088 1208 2173 (ct.

143 2175 324 2238 Melonike
345 2175 466 2256 lacobus
487 2177 522 2237 de
543 2175 706 2240 Benedictis
727 2178 797 2238 oder
817 2177 958 2255 lroopooo
981 2177 1018 2238 da
1037 2176 1124 2252 Tudi,
1146 2174 1210 2236 sein

142 2261 243 2323 Lelaen
277 2260 335 2321 und
368 2260 432 2326 sein
464 2259 659 2324 sclariltliclec
683 2261 836 2324 Nacltloss.
873 2261 1031 2324 Kirrlren-
1057 2262 1115 2322 und
1146 2259 1209 2322 Lit-

143 2345 289 2412 temrltist.
310 2343 431 2408 Studien
452 2357 505 2406 etc.
529 2346 551 2408 l.
573 2343 604 2408 S.
624 2345 687 2410 3to
703 2377 744 2392 -
758 2346 843 2424 406.)
887 2347 1004 2422 Restat,
1038 2356 1069 2408 ut
1091 2345 1209 2408 illorum

143 2431 317 2496 sententiam
338 2431 508 2509 refutemus,
529 2431 577 2510 qai
592 2429 625 2494 S.
638 2432 818 2492 ΒιιιιιιιιΙιιιιι
832 2429 968 2494 calminio
982 2441 1129 2494 auctorent
1143 2447 1209 2492 cess

142 2517 330 2598 suspicantur
350 2525 436 2594 etque
462 2516 642 2578 contendant.
672 2513 816 2578 Nimirum
844 2514 954 2578 invenit
975 2516 997 2580 l.
1018 2516 1041 2576 l.
1062 2515 1158 2576 Dodt
1178 2513 1229 2576 iu·

142 2601 317 2662 ltilrliotltrca
329 2601 503 2663 Academiae
516 2599 737 2686 Ultopicotousis
752 2600 878 2662 codicem
896 2621 973 2663 saem
990 2601 1091 2662 decimi
1107 2597 1209 2680 quinti,

142 2687 191 2768 qui
206 2687 328 2748 Presnm
344 2697 472 2748 nostrum
486 2687 621 2765 operibns
636 2685 760 2746 doctoris
775 2684 1004 2748 claravallensis
1026 2685 1210 2748 intersertam

142 2771 303 2836 extioeroa
322 2767 376 2850 aa)
404 2771 539 2848 (Archiel
555 2769 807 2848 soorkerlreliJlre
828 2771 1038 2850 gesclriodenes
1059 2770 1211 2830 irmender-
1298 2781 1303 2806 ¹
1374 2767 1378 2776 '

100 2917 103 2926 ‚
142 2857 274 2921 ὶοὶιιιιι
289 2855 462 2932 Nederland,
485 2855 647 2918 reruameld
662 2857 733 2916 door
747 2855 814 2916 Kist
835 2875 871 2916 eu
893 2857 1056 2935 Royaards.
1078 2855 1136 2919 To.
1158 2853 1207 2918 lll.
1333 2871 1339 2880 ’

141 2939 264 3025 [leta]
287 2961 316 3020 p.
328 2933 537 3018 482-490.)
565 2939 630 3002 Hae
651 2940 817 3004 narratione
838 2952 1014 3019 euronotus,
1036 2950 1067 3002 et
1085 2951 1115 3002 ut
1137 2938 1208 3002 mihi
1313 2932 1316 2943 ¹

139 3025 254 3089 videtur
280 3026 323 3088 rei
349 3026 475 3089 novitate
500 3026 625 3098 allectas
653 3027 729 3088 Nlo.
756 3025 899 3088 Glorist.
920 3027 1028 3103 Kist,
1060 3025 1210 3105 prolessoc

138 3109 361 3192 Lugdunensis,
381 3109 672 3174 commentatiuncula
699 3110 730 3174 in
752 3112 868 3172 easdem
890 3104 1100 3192 Eplemerides
1128 3110 1211 3170 tlreo-
1332 3165 1335 3175 .

139 3197 254 3278 logicas
294 3207 409 3276 recepta
443 3215 669 3277 praeproperam
708 3197 838 3259 stabilire
878 3197 986 3266 studuit
1026 3189 1209 3274 opinionem,

138 3283 238 3362 ipsum
255 3281 435 3344 Beruacdum
459 3282 580 3344 Prosam
603 3282 771 3346 coniecisse.
815 3281 887 3362 (leto
908 3301 977 3342 orer
997 3283 1052 3342 don
1074 3281 1211 3360 Hymnus
1320 3325 1323 3330 ,

138 3367 242 3430 Saum
270 3379 363 3429 mater
396 3366 541 3428 dolorosa.
591 3365 672 3426 Naar
698 3365 867 3446 aeoloidiag
895 3385 951 3428 ren
981 3385 1033 3426 ceu
1061 3364 1123 3426 HS.
1153 3379 1211 3431 ran

140 3450 317 3532 denzelreu,
348 3451 561 3512 roorkomende
582 3449 612 3510 iu
634 3469 724 3512 eenon
744 3450 844 3512 Codex
866 3452 918 3512 dor
939 3451 1055 3511 werlaon
1077 3467 1136 3510 ran
1164 3434 1209 3511 St.

139 3537 320 3603 Bernardns.
360 3533 498 3617 (Arelicl
517 3555 546 3601 a.
568 3553 594 3596 s.
615 3554 649 3598 rr.
676 3535 735 3600 ΤΙι.
749 3535 798 3601 111.
825 3535 857 3603 S.
872 3535 934 3598 491
950 3569 991 3582 -
1006 3533 1095 3615 502).
1147 3531 1211 3594 Sex

207 3757 236 3820 Ι*)
253 3757 352 3828 Script.
378 3755 444 3808 ord.
471 3755 609 3808 Minorem
634 3767 685 3807 etc.
709 3757 809 3808 Romae
836 3753 911 3806 ¹650.
940 3753 1067 3807 101180.
1089 3753 1147 3806 181.
1175 3739 1228 3807 ἅθ’
1281 3781 1283 3786 ·

140 3825 254 3878 lneobo:
276 3827 463 3896 „Rhythrnum
484 3823 517 3876 nd
536 3825 566 3875 B.
588 3825 621 3876 V.
647 3825 760 3876 Marium
789 3823 839 3874 sub
864 3841 942 3888 cruce
968 3815 994 3872 iu
1020 3821 1119 3874 Christi
1144 3825 1210 3892 pssss

139 3899 216 3946 sione
233 3907 347 3947 stentem
366 3897 412 3962 qui
430 3896 544 3962 incipit:
563 3894 658 3946 Stabat
676 3905 759 3944 muter
777 3892 903 3944 doloroso
921 3891 1106 3943 circumfertur
1123 3894 1153 3942 ia
1171 3893 1209 3942 li-

138 3963 214 4016 bullo
232 3961 317 4016 officii
334 3963 507 4015 Beatissimae
526 3961 676 4028 Virginis.“
713 3962 907 4030 Waddiugiuno
926 3972 1055 4026 sequntur
1074 3960 1208 4012 erer'·

138 4042 198 4084 tou
216 4029 381 4103 (Appendix
396 4031 755 4095 edllistor.(Litter.1Guil.
766 4029 840 4150 2(ipre
855 4029 935 4082 Besil.
951 4027 1024 4080 1744.
1044 4046 1072 4096 p.
1087 4023 1113 4080 8.
1127 4031 1209 4082 (ier-

139 4099 215 4152 bert
234 4101 269 4152 de
289 4103 369 4150 o'nutu
388 4112 413 4152 et
433 4103 531 4152 musica
555 4119 628 4152 surra
656 4099 687 4150 ll.
714 4120 740 4169 p.
835 4099 989 4164 Angcosti
1012 4097 1208 4166 llenlnwiirdig-

138 4171 231 4220 keiteu
251 4190 278 4221 ιι.
297 4187 318 4220 s.
338 4187 376 4220 ιιι.
411 4171 446 4221 V.
463 4171 491 4222 S.
508 4172 567 4221 311.
590 4169 695 4222 libert
714 4168 829 4234 Allgeuri
849 4167 1108 4235 Bibliogreplrisches
1122 4167 1208 4222 Lexi-

138 4255 191 4290 cen
209 4239 278 4289 1.·S.
296 4235 362 4302 874,
382 4238 637 4304 Rembschin's,
661 4237 884 4300 Mohniltius,
903 4235 1010 4286 Lisco
1028 4253 1053 4286 a.

137 4409 157 4461 Γ
187 4335 328 4460 “)Ulnlrs
347 4341 504 4410 scriptur-ein
519 4337 626 4398 Codicis
644 4339 848 4394 Ultraiectensis
865 4337 983 4391 breuiter
1000 4301 1207 4406 significabimus

149 4421 218 4462 clera
262 4443 269 4460 .
