2836 4976
223 639 271 681 rue
292 637 358 682 esse
379 619 545 699 dereptum,
567 634 641 696 quoe
654 615 743 680 soluti
763 617 908 680 hnmnuoe
929 635 988 678 nen
1009 587 1106 679 selune
1126 635 1185 678 non
1207 615 1297 680 inerit
1388 645 1390 654 ⁴

122 768 125 774 ,
224 704 443 784 impedimento,
485 703 535 764 sed
565 701 654 765 ‘eriam
698 720 757 764 nno
792 701 920 762 omnium
957 700 1088 763 maximo
1120 701 1297 765 adiumento.

225 788 305 850 ldenr
333 789 428 868 placet
455 783 593 849 oauniuis
621 785 742 852 orretori.
791 786 889 848 Morte
913 785 1023 848 Christi
1052 783 1136 866 quasi
1157 786 1299 848 illecebra

139 947 142 950 ῃ
225 871 366 950 allectus,
391 873 482 934 Satan
507 872 629 934 hamum
651 871 800 934 devorarit
827 871 846 934 i.
872 890 899 932 e.
928 890 982 932 suro
1004 889 1037 934 se
1058 869 1156 952 gladio
1177 870 1299 934 interse-

226 955 275 1020 rit.
326 953 465 1020 Fortasse
496 965 598 1038 poetae
626 957 663 1016 oh
691 955 791 1018 oeulos
827 955 999 1016 versabatur
1031 949 1113 1020 loeus
1134 951 1202 1016 litui
1236 953 1316 1018 toti.

226 1061 252 1104 e.
269 1041 342 1118 XL,
363 1042 416 1105 20.
436 1059 499 1120 „an
513 1041 666 1102 extrahere
687 1039 797 1121 poteris
810 1039 972 1102 Lerinthau
993 1039 1080 1100 harro
1095 1048 1123 1099 et
1136 1037 1205 1102 fune
1220 1039 1301 1120 liga-

226 1125 272 1188 tris
294 1125 425 1206 linguord
447 1125 536 1188 eius“
556 1159 601 1202 ··‚
621 1123 768 1186 idsoltem
785 1134 966 1202 certumst,
989 1123 1136 1186 diabolum
1156 1123 1301 1205 saepissi-

226 1229 274 1274 me
295 1229 361 1272 eum
380 1209 559 1274 Leriathaue
580 1211 755 1290 comparari.
788 1207 930 1270 Centoras
952 1207 1038 1269 etiam
1061 1216 1202 1270 vetustam
1223 1207 1302 1270 Ger·

227 1293 373 1358 manicam
399 1296 561 1364 contionem
588 1314 629 1357 so.
657 1293 721 1357 ΧΠ.
755 1295 832 1374 opud
868 1293 907 1355 Η.
939 1292 1097 1354 Hoffmann
1124 1291 1300 1354 Gosehichto

228 1379 280 1440 des
301 1379 457 1442 deutschen
479 1377 702 1440 Kirohenliedes
724 1377 770 1440 his
791 1377 844 1442 oud
860 1377 986 1442 Lnthers
1007 1377 1073 1442 Zeit
1093 1377 1126 1442 S.
1147 1376 1200 1442 23.
1221 1397 1299 1458 sqq„

229 1462 312 1528 errius
334 1464 457 1544 strophe
477 1462 576 1544 quinte
596 1464 670 1524 haee
691 1473 736 1524 est
805 1542 807 1546 .

417 1613 419 1618 ·
440 1578 499 1641 Etr
520 1578 700 1658 engolsnnor
721 1575 862 1657 gessohtin
883 1579 937 1659 ist,

438 1663 554 1724 deenen
574 1664 614 1722 dd
636 1661 748 1742 gehorn
769 1661 844 1742 hist,

441 1748 495 1810 dnn
513 1765 574 1809 was
595 1747 644 1834 diu
665 1747 715 1808 dtu
736 1745 907 1824 kuueseoft,

440 1833 493 1893 der
513 1831 603 1912 angel
623 1849 685 1894 wne
707 1829 754 1891 din
776 1841 860 1912 gotes
880 1831 979 1908 kraft,

441 1916 488 1978 de
508 1917 572 1978 der
589 1915 642 1976 tdt
663 1923 758 1978 wart
778 1935 848 1977 sne
869 1916 1079 1998 irworgen5

441 2001 494 2062 der
515 2021 572 2063 von
593 1999 638 2060 dir
658 2009 732 2062 wart
752 2002 916 2082 verborgen

484 2085 593 2147 Sancto
613 2084 726 2148 Morio!
947 2082 953 2088 “

228 2207 281 2270 28.
305 2203 341 2268 0.
364 2224 413 2266 om
432 2209 471 2265 nt
490 2200 575 2264 Coss.
595 2209 778 2281 resurgat
804 2200 885 2265 vito
913 2201 1092 2281 omnium,
1118 2202 1177 2264 Eli.
1208 2198 1301 2263 iuter-

229 2291 300 2353 eerit
320 2290 455 2352 voculam
475 2297 519 2350 et.
561 2285 613 2350 32.
634 2285 742 2352 Thom.
763 2287 927 2368 quaerit.
971 2286 1056 2354 Coss.
1086 2287 1239 2372 perisse
1259 2303 1300 2349 se

230 2373 325 2439 eolo.
372 2373 568 2453 agerent.

612 2558 911 2570 *anun—w

723 2713 797 2784 XL.

504 2811 506 2814 ·
558 2859 707 2944 Hydrous
735 2859 781 2921 ud
801 2858 970 2940 Tertiam.

228 2993 314 3056 Nune
333 2999 432 3052 saneto
453 2992 539 3066 nohis
559 2991 696 3072 spiritns,
790 2991 847 3071 Os,
868 2989 990 3071 lingue,
1017 3010 1116 3071 mens,
1137 3011 1258 3073 seusus,

228 3077 326 3139 Unus·
333 3075 425 3156 ponis
446 3095 511 3136 eum
533 3075 611 3156 filio,
1065 3076 1150 3156 vigor
1278 3075 1302 3139 5

225 3161 357 3241 Diguore
377 3171 527 3241 promptus
548 3157 643 3238 iugeri
788 3157 1009 3223 eontesstenem
1030 3169 1165 3242 personet

227 3246 334 3308 Nostro
352 3246 469 3308 refusus
492 3243 612 3327 pectori.
787 3244 984 3307 Flammesent
1003 3245 1072 3326 igne
1093 3245 1216 3322 caritas,

787 3329 932 3392 desendet
953 3331 1041 3393 ordor
1059 3327 1220 3412 proximos.

479 3498 621 3644 {Praesto
642 3505 726 3576 poter
745 3494 877 3578 piissime
960 3507 961 3512 ’

506 3580 618 3662 utrique
639 3599 757 3662 oourpar
776 3580 883 3660 nniee,
1259 3583 1304 3649 10

482 3665 558 3728 Cum
579 3665 683 3748 spiritu
703 3666 845 3750 paraclito

481 3751 567 3814 Nrrno
588 3761 616 3814 ot
636 3771 690 3835 per
712 3773 797 3816 omne
818 3752 999 3834 sneundune]

670 3902 839 3914 μ*-

309 3981 366 4044 Hie
379 3983 505 4063 hymnus
517 3982 618 4045 tertiae
628 3981 720 4046 horae
734 3989 889 4062 propterea
900 3979 937 4040 od
951 3973 1085 4057 spiritum
1099 3988 1232 4046 sonetum
1245 4005 1302 4066 po-

224 4063 370 4136 tissimum
383 4067 508 4144 relatus,
529 4069 605 4146 quod
630 4066 658 4130 is
671 4085 707 4128 eo
723 4067 798 4144 horn
819 4065 974 4144 igneorum
998 4059 1168 4142 linguarum
1196 4068 1300 4146 speeie

225 4148 255 4209 in
276 4149 425 4231 apostolos
446 4151 629 4214 descendisse
651 4159 908 4226 commemoratur,
929 4145 960 4208 in
981 4147 1116 4212 omnihus
1138 4150 1225 4212 lihris
1249 4173 1302 4214 eo-

223 4232 394 4296 elesinstieis
414 4234 568 4312 reperitur.
611 4233 800 4296 Consentiunt
820 4233 899 4297 enirn
921 4251 1022 4294 ornnes
1044 4232 1075 4296 in
1097 4234 1217 4319 hymnis
1241 4237 1300 4300 ho-

224 4335 336 4396 rorum,
357 4336 431 4398 quse
453 4315 587 4394 dicuutur
607 4319 751 4384 minores:
776 4317 807 4382 in
827 4317 902 4401 ipsis
925 4317 1129 4388 vetustissimis
1148 4320 1301 4386 nenoro-
