<?xml version="1.0" encoding="UTF-8"?>
<!DOCTYPE html PUBLIC "-//W3C//DTD XHTML 1.0 Transitional//EN"
    "http://www.w3.org/TR/xhtml1/DTD/xhtml1-transitional.dtd">
<html xmlns="http://www.w3.org/1999/xhtml" xml:lang="en" lang="en">
 <head>
  <title>
</title>
<meta http-equiv="Content-Type" content="text/html;charset=utf-8" />
  <meta name='ocr-system' content='tesseract 3.04.00' />
  <meta name='ocr-capabilities' content='ocr_page ocr_carea ocr_par ocr_line ocrx_word'/>
</head>
<body>
  <div class='ocr_page' id='page_1' title='image "./thesaurushymnol05danigoog/thesaurushymnol05danigoog_0784.png"; bbox 0 0 2858 4968; ppageno 0'>
   <div class='ocr_carea' id='block_1_1' title="bbox 682 425 782 518">
    <p class='ocr_par' dir='ltr' id='par_1_1' title="bbox 682 425 782 518">
     <span class='ocr_line' id='line_1_1' title="bbox 682 425 782 518; baseline 0 0"><span class='ocrx_word' id='word_1_1' title='bbox 682 425 782 518; x_wconf 69' lang='lat' dir='ltr'><strong>m</strong></span> 
     </span>
    </p>
   </div>
   <div class='ocr_carea' id='block_1_2' title="bbox 672 613 791 680">
    <p class='ocr_par' dir='ltr' id='par_1_2' title="bbox 672 613 791 680">
     <span class='ocr_line' id='line_1_2' title="bbox 672 613 791 680; baseline -0.008 0"><span class='ocrx_word' id='word_1_2' title='bbox 672 613 791 680; x_wconf 69' lang='lat' dir='ltr'><strong>exte.</strong></span> 
     </span>
    </p>
   </div>
   <div class='ocr_carea' id='block_1_3' title="bbox 347 733 1175 844">
    <p class='ocr_par' dir='ltr' id='par_1_3' title="bbox 347 733 1175 844">
     <span class='ocr_line' id='line_1_3' title="bbox 347 733 1175 844; baseline -0.01 -16"><span class='ocrx_word' id='word_1_3' title='bbox 347 763 382 828; x_wconf 82' lang='lat' dir='ltr'><strong>S.</strong></span> <span class='ocrx_word' id='word_1_4' title='bbox 404 759 566 826; x_wconf 70' lang='lat' dir='ltr'><strong>casimiri</strong></span> <span class='ocrx_word' id='word_1_5' title='bbox 586 759 738 844; x_wconf 73' lang='lat' dir='ltr'><strong>Hymnus</strong></span> <span class='ocrx_word' id='word_1_6' title='bbox 756 733 943 822; x_wconf 75' lang='lat' dir='ltr'><strong>De&#39;aeoca</strong></span> <span class='ocrx_word' id='word_1_7' title='bbox 964 755 1119 836; x_wconf 68' lang='lat' dir='ltr'><strong>Virgine.</strong></span> <span class='ocrx_word' id='word_1_8' title='bbox 1143 761 1147 769; x_wconf 87' lang='lat'>&#39;</span> <span class='ocrx_word' id='word_1_9' title='bbox 1170 767 1175 770; x_wconf 80' lang='grc'><strong>’</strong></span> 
     </span>
    </p>
   </div>
   <div class='ocr_carea' id='block_1_4' title="bbox 222 874 1238 2650">
    <p class='ocr_par' dir='ltr' id='par_1_4' title="bbox 222 874 1238 2650">
     <span class='ocr_line' id='line_1_4' title="bbox 280 874 997 946; baseline -0.014 0"><span class='ocrx_word' id='word_1_10' title='bbox 280 880 367 946; x_wconf 84' lang='lat' dir='ltr'><strong>Omni</strong></span> <span class='ocrx_word' id='word_1_11' title='bbox 387 880 435 942; x_wconf 87' lang='lat' dir='ltr'><strong>diu</strong></span> <span class='ocrx_word' id='word_1_12' title='bbox 456 877 502 941; x_wconf 89' lang='lat' dir='ltr'><strong>dio</strong></span> <span class='ocrx_word' id='word_1_13' title='bbox 523 877 638 942; x_wconf 79' lang='lat' dir='ltr'><strong>Murice</strong></span> <span class='ocrx_word' id='word_1_14' title='bbox 661 893 727 939; x_wconf 87' lang='grc' dir='ltr'><strong>ιιιιι</strong></span> <span class='ocrx_word' id='word_1_15' title='bbox 754 875 854 936; x_wconf 82' lang='lat' dir='ltr'><strong>tendes</strong></span> <span class='ocrx_word' id='word_1_16' title='bbox 882 874 997 939; x_wconf 82' lang='lat' dir='ltr'><strong>unima-</strong></span> 
     </span>
     <span class='ocr_line' id='line_1_5' title="bbox 240 959 972 1044; baseline -0.018 -12"><span class='ocrx_word' id='word_1_17' title='bbox 240 967 316 1032; x_wconf 80' lang='lat' dir='ltr'><strong>Einu</strong></span> <span class='ocrx_word' id='word_1_18' title='bbox 336 965 429 1044; x_wconf 75' lang='lat' dir='ltr'><strong>fests,</strong></span> <span class='ocrx_word' id='word_1_19' title='bbox 449 963 514 1027; x_wconf 90' lang='lat' dir='ltr'><strong>eius</strong></span> <span class='ocrx_word' id='word_1_20' title='bbox 536 971 622 1044; x_wconf 81' lang='lat' dir='ltr'><strong>gestu</strong></span> <span class='ocrx_word' id='word_1_21' title='bbox 643 960 707 1022; x_wconf 83' lang='lat' dir='ltr'><strong>cole</strong></span> <span class='ocrx_word' id='word_1_22' title='bbox 728 959 972 1041; x_wconf 78' lang='lat' dir='ltr'><strong>splendidissimo.</strong></span> 
     </span>
     <span class='ocr_line' id='line_1_6' title="bbox 284 1043 990 1131; baseline -0.015 -17"><span class='ocrx_word' id='word_1_23' title='bbox 284 1049 426 1131; x_wconf 82' lang='lat' dir='ltr'><strong>contemp</strong></span> <span class='ocrx_word' id='word_1_24' title='bbox 427 1047 490 1110; x_wconf 88' lang='lat' dir='ltr'><strong>iuro</strong></span> <span class='ocrx_word' id='word_1_25' title='bbox 512 1056 540 1110; x_wconf 91' lang='lat' dir='ltr'><strong>et</strong></span> <span class='ocrx_word' id='word_1_26' title='bbox 561 1046 668 1109; x_wconf 86' lang='lat' dir='ltr'><strong>mirere</strong></span> <span class='ocrx_word' id='word_1_27' title='bbox 688 1046 752 1107; x_wconf 85' lang='lat' dir='ltr'><strong>eius</strong></span> <span class='ocrx_word' id='word_1_28' title='bbox 773 1043 990 1106; x_wconf 76' lang='lat' dir='ltr'><strong>celsitudinemr</strong></span> 
     </span>
     <span class='ocr_line' id='line_1_7' title="bbox 241 1128 1028 1214; baseline -0.012 -15"><span class='ocrx_word' id='word_1_29' title='bbox 241 1136 298 1200; x_wconf 82' lang='lat' dir='ltr'><strong>Dio</strong></span> <span class='ocrx_word' id='word_1_30' title='bbox 318 1135 433 1197; x_wconf 80' lang='lat' dir='ltr'><strong>felicem</strong></span> <span class='ocrx_word' id='word_1_31' title='bbox 454 1131 644 1214; x_wconf 78' lang='lat' dir='ltr'><strong>genitricem,</strong></span> <span class='ocrx_word' id='word_1_32' title='bbox 663 1129 710 1192; x_wconf 88' lang='lat' dir='ltr'><strong>dio</strong></span> <span class='ocrx_word' id='word_1_33' title='bbox 731 1131 845 1190; x_wconf 79' lang='lat' dir='ltr'><strong>trentam</strong></span> <span class='ocrx_word' id='word_1_34' title='bbox 867 1128 1028 1209; x_wconf 82' lang='lat' dir='ltr'><strong>virginem,</strong></span> 
     </span>
     <span class='ocr_line' id='line_1_8' title="bbox 284 1213 1054 1300; baseline -0.012 -17"><span class='ocrx_word' id='word_1_35' title='bbox 284 1221 384 1300; x_wconf 84' lang='lat' dir='ltr'><strong>ipsum</strong></span> <span class='ocrx_word' id='word_1_36' title='bbox 404 1217 488 1294; x_wconf 84' lang='lat' dir='ltr'><strong>cole,</strong></span> <span class='ocrx_word' id='word_1_37' title='bbox 509 1229 539 1278; x_wconf 94' lang='lat' dir='ltr'><strong>ut</strong></span> <span class='ocrx_word' id='word_1_38' title='bbox 558 1219 593 1278; x_wconf 93' lang='lat' dir='ltr'><strong>de</strong></span> <span class='ocrx_word' id='word_1_39' title='bbox 615 1215 692 1278; x_wconf 85' lang='lat' dir='ltr'><strong>mois</strong></span> <span class='ocrx_word' id='word_1_40' title='bbox 714 1213 865 1275; x_wconf 87' lang='lat' dir='ltr'><strong>criminum</strong></span> <span class='ocrx_word' id='word_1_41' title='bbox 888 1223 915 1274; x_wconf 90' lang='lat' dir='ltr'><strong>te</strong></span> <span class='ocrx_word' id='word_1_42' title='bbox 935 1213 1054 1276; x_wconf 83' lang='lat' dir='ltr'><strong>iiireret:</strong></span> 
     </span>
     <span class='ocr_line' id='line_1_9' title="bbox 243 1263 1003 1386; baseline -0.017 -16"><span class='ocrx_word' id='word_1_43' title='bbox 243 1305 329 1370; x_wconf 76' lang='lat' dir='ltr'><strong>Hune</strong></span> <span class='ocrx_word' id='word_1_44' title='bbox 350 1322 369 1365; x_wconf 83' lang='lat' dir='ltr'><strong>u</strong></span> <span class='ocrx_word' id='word_1_45' title='bbox 371 1263 488 1386; x_wconf 49' lang='lat' dir='ltr'><strong>ptpelts</strong></span> <span class='ocrx_word' id='word_1_46' title='bbox 507 1321 544 1364; x_wconf 88' lang='lat' dir='ltr'><strong>ue</strong></span> <span class='ocrx_word' id='word_1_47' title='bbox 567 1301 697 1380; x_wconf 87' lang='lat' dir='ltr'><strong>prooeita</strong></span> <span class='ocrx_word' id='word_1_48' title='bbox 717 1299 854 1362; x_wconf 81' lang='lat' dir='ltr'><strong>uitiorum</strong></span> <span class='ocrx_word' id='word_1_49' title='bbox 876 1307 1003 1378; x_wconf 86' lang='lat' dir='ltr'><strong>superet.</strong></span> 
     </span>
     <span class='ocr_line' id='line_1_10' title="bbox 286 1382 1034 1466; baseline -0.012 -14"><span class='ocrx_word' id='word_1_50' title='bbox 286 1389 367 1452; x_wconf 84' lang='lat' dir='ltr'><strong>Haec</strong></span> <span class='ocrx_word' id='word_1_51' title='bbox 389 1403 514 1466; x_wconf 81' lang='lat' dir='ltr'><strong>perseus</strong></span> <span class='ocrx_word' id='word_1_52' title='bbox 534 1385 619 1448; x_wconf 84' lang='lat' dir='ltr'><strong>uobis</strong></span> <span class='ocrx_word' id='word_1_53' title='bbox 641 1387 716 1444; x_wconf 88' lang='lat' dir='ltr'><strong>dorm</strong></span> <span class='ocrx_word' id='word_1_54' title='bbox 737 1383 857 1445; x_wconf 83' lang='lat' dir='ltr'><strong>eontulit</strong></span> <span class='ocrx_word' id='word_1_55' title='bbox 878 1382 1034 1444; x_wconf 79' lang='lat' dir='ltr'><strong>caelestiae</strong></span> 
     </span>
     <span class='ocr_line' id='line_1_11' title="bbox 246 1467 968 1565; baseline -0.02 -25"><span class='ocrx_word' id='word_1_56' title='bbox 246 1473 329 1540; x_wconf 85' lang='grc' dir='ltr'><strong>Ηιιιι</strong></span> <span class='ocrx_word' id='word_1_57' title='bbox 350 1469 468 1552; x_wconf 77' lang='lat' dir='ltr'><strong>Regina</strong></span> <span class='ocrx_word' id='word_1_58' title='bbox 489 1490 543 1532; x_wconf 88' lang='lat' dir='ltr'><strong>nos</strong></span> <span class='ocrx_word' id='word_1_59' title='bbox 564 1469 663 1530; x_wconf 78' lang='lat' dir='ltr'><strong>diviua</strong></span> <span class='ocrx_word' id='word_1_60' title='bbox 683 1468 841 1529; x_wconf 78' lang='lat' dir='ltr'><strong>illustrarit</strong></span> <span class='ocrx_word' id='word_1_61' title='bbox 862 1467 968 1565; x_wconf 81' lang='lat' dir='ltr'><strong>gratia.</strong></span> 
     </span>
     <span class='ocr_line' id='line_1_12' title="bbox 222 1551 1085 1636; baseline -0.009 -16"><span class='ocrx_word' id='word_1_62' title='bbox 222 1623 233 1632; x_wconf 73' lang='grc'><strong>,</strong></span> <span class='ocrx_word' id='word_1_63' title='bbox 288 1557 407 1636; x_wconf 78' lang='lat' dir='ltr'><strong>Lingua</strong></span> <span class='ocrx_word' id='word_1_64' title='bbox 429 1572 512 1632; x_wconf 86' lang='lat' dir='ltr'><strong>mea,</strong></span> <span class='ocrx_word' id='word_1_65' title='bbox 535 1553 580 1615; x_wconf 89' lang='lat' dir='ltr'><strong>die</strong></span> <span class='ocrx_word' id='word_1_66' title='bbox 601 1553 742 1634; x_wconf 81' lang='lat' dir='ltr'><strong>trophaea</strong></span> <span class='ocrx_word' id='word_1_67' title='bbox 762 1551 886 1631; x_wconf 83' lang='lat' dir='ltr'><strong>uirginis</strong></span> <span class='ocrx_word' id='word_1_68' title='bbox 910 1569 1085 1632; x_wconf 77' lang='lat' dir='ltr'><strong>puerperae.</strong></span> 
     </span>
     <span class='ocr_line' id='line_1_13' title="bbox 246 1635 1096 1722; baseline -0.008 -18"><span class='ocrx_word' id='word_1_69' title='bbox 246 1643 331 1722; x_wconf 81' lang='lat' dir='ltr'><strong>Ques</strong></span> <span class='ocrx_word' id='word_1_70' title='bbox 353 1639 492 1700; x_wconf 85' lang='lat' dir='ltr'><strong>indictum</strong></span> <span class='ocrx_word' id='word_1_71' title='bbox 515 1638 700 1700; x_wconf 82' lang='lat' dir='ltr'><strong>maledictum</strong></span> <span class='ocrx_word' id='word_1_72' title='bbox 722 1635 797 1700; x_wconf 86' lang='lat' dir='ltr'><strong>miro</strong></span> <span class='ocrx_word' id='word_1_73' title='bbox 819 1637 956 1701; x_wconf 80' lang='lat' dir='ltr'><strong>transfert</strong></span> <span class='ocrx_word' id='word_1_74' title='bbox 977 1656 1096 1718; x_wconf 85' lang='lat' dir='ltr'><strong>genere.</strong></span> 
     </span>
     <span class='ocr_line' id='line_1_14' title="bbox 289 1721 1077 1803; baseline -0.005 -15"><span class='ocrx_word' id='word_1_75' title='bbox 289 1725 362 1788; x_wconf 85' lang='lat' dir='ltr'><strong>Sine</strong></span> <span class='ocrx_word' id='word_1_76' title='bbox 385 1723 442 1786; x_wconf 82' lang='lat' dir='ltr'><strong>flue</strong></span> <span class='ocrx_word' id='word_1_77' title='bbox 463 1724 510 1784; x_wconf 88' lang='lat' dir='ltr'><strong>die</strong></span> <span class='ocrx_word' id='word_1_78' title='bbox 531 1723 665 1803; x_wconf 79' lang='lat' dir='ltr'><strong>Reginae</strong></span> <span class='ocrx_word' id='word_1_79' title='bbox 688 1722 785 1784; x_wconf 90' lang='lat' dir='ltr'><strong>muudi</strong></span> <span class='ocrx_word' id='word_1_80' title='bbox 809 1723 926 1783; x_wconf 84' lang='lat' dir='ltr'><strong>laudum</strong></span> <span class='ocrx_word' id='word_1_81' title='bbox 949 1721 1077 1784; x_wconf 85' lang='lat' dir='ltr'><strong>esntieu·</strong></span> 
     </span>
     <span class='ocr_line' id='line_1_15' title="bbox 248 1805 1097 1890; baseline -0.005 -16"><span class='ocrx_word' id='word_1_82' title='bbox 248 1809 345 1874; x_wconf 85' lang='lat' dir='ltr'><strong>Huius</strong></span> <span class='ocrx_word' id='word_1_83' title='bbox 366 1810 442 1870; x_wconf 85' lang='lat' dir='ltr'><strong>hona</strong></span> <span class='ocrx_word' id='word_1_84' title='bbox 463 1827 578 1890; x_wconf 82' lang='lat' dir='ltr'><strong>semper</strong></span> <span class='ocrx_word' id='word_1_85' title='bbox 599 1826 690 1885; x_wconf 88' lang='lat' dir='ltr'><strong>seua,</strong></span> <span class='ocrx_word' id='word_1_86' title='bbox 711 1827 828 1885; x_wconf 82' lang='lat' dir='ltr'><strong>semper</strong></span> <span class='ocrx_word' id='word_1_87' title='bbox 848 1805 930 1868; x_wconf 87' lang='lat' dir='ltr'><strong>iiiam</strong></span> <span class='ocrx_word' id='word_1_88' title='bbox 952 1805 1097 1886; x_wconf 79' lang='lat' dir='ltr'><strong>praedius.</strong></span> 
     </span>
     <span class='ocr_line' id='line_1_16' title="bbox 292 1891 986 1971; baseline -0.009 -14"><span class='ocrx_word' id='word_1_89' title='bbox 292 1893 401 1957; x_wconf 87' lang='lat' dir='ltr'><strong>Omnes</strong></span> <span class='ocrx_word' id='word_1_90' title='bbox 423 1893 478 1954; x_wconf 91' lang='lat' dir='ltr'><strong>mci</strong></span> <span class='ocrx_word' id='word_1_91' title='bbox 502 1913 606 1954; x_wconf 86' lang='lat' dir='ltr'><strong>seusus</strong></span> <span class='ocrx_word' id='word_1_92' title='bbox 628 1892 653 1952; x_wconf 93' lang='lat' dir='ltr'><strong>ei</strong></span> <span class='ocrx_word' id='word_1_93' title='bbox 678 1903 830 1971; x_wconf 84' lang='lat' dir='ltr'><strong>personate</strong></span> <span class='ocrx_word' id='word_1_94' title='bbox 851 1891 986 1969; x_wconf 79' lang='lat' dir='ltr'><strong>gloriam.</strong></span> 
     </span>
     <span class='ocr_line' id='line_1_17' title="bbox 248 1975 1000 2059; baseline -0.008 -17"><span class='ocrx_word' id='word_1_95' title='bbox 248 1979 442 2059; x_wconf 77' lang='lat' dir='ltr'><strong>Frequentate</strong></span> <span class='ocrx_word' id='word_1_96' title='bbox 463 1986 521 2038; x_wconf 86' lang='lat' dir='ltr'><strong>tem</strong></span> <span class='ocrx_word' id='word_1_97' title='bbox 545 1979 645 2037; x_wconf 79' lang='lat' dir='ltr'><strong>beatae</strong></span> <span class='ocrx_word' id='word_1_98' title='bbox 667 1975 800 2054; x_wconf 78' lang='lat' dir='ltr'><strong>Virginis</strong></span> <span class='ocrx_word' id='word_1_99' title='bbox 820 1975 1000 2039; x_wconf 82' lang='lat' dir='ltr'><strong>memoriam.</strong></span> 
     </span>
     <span class='ocr_line' id='line_1_18' title="bbox 293 2059 1043 2139; baseline -0.008 -14"><span class='ocrx_word' id='word_1_100' title='bbox 293 2063 402 2125; x_wconf 88' lang='lat' dir='ltr'><strong>Nuiius</strong></span> <span class='ocrx_word' id='word_1_101' title='bbox 423 2070 500 2122; x_wconf 89' lang='lat' dir='ltr'><strong>certe</strong></span> <span class='ocrx_word' id='word_1_102' title='bbox 522 2071 581 2124; x_wconf 84' lang='lat' dir='ltr'><strong>tom</strong></span> <span class='ocrx_word' id='word_1_103' title='bbox 602 2061 726 2122; x_wconf 78' lang='lat' dir='ltr'><strong>disertae</strong></span> <span class='ocrx_word' id='word_1_104' title='bbox 747 2067 826 2122; x_wconf 82' lang='lat' dir='ltr'><strong>extet</strong></span> <span class='ocrx_word' id='word_1_105' title='bbox 848 2059 1043 2139; x_wconf 80' lang='lat' dir='ltr'><strong>eloquentiae,</strong></span> 
     </span>
     <span class='ocr_line' id='line_1_19' title="bbox 250 2135 1079 2228; baseline -0.009 -19"><span class='ocrx_word' id='word_1_106' title='bbox 250 2147 310 2228; x_wconf 78' lang='lat' dir='ltr'><strong>Qui</strong></span> <span class='ocrx_word' id='word_1_107' title='bbox 333 2135 493 2226; x_wconf 76' lang='lat' dir='ltr'><strong>condignae</strong></span> <span class='ocrx_word' id='word_1_108' title='bbox 515 2153 628 2224; x_wconf 85' lang='lat' dir='ltr'><strong>promat</strong></span> <span class='ocrx_word' id='word_1_109' title='bbox 649 2147 774 2226; x_wconf 82' lang='lat' dir='ltr'><strong>hymnos</strong></span> <span class='ocrx_word' id='word_1_110' title='bbox 795 2144 858 2205; x_wconf 86' lang='lat' dir='ltr'><strong>eius</strong></span> <span class='ocrx_word' id='word_1_111' title='bbox 880 2145 1079 2206; x_wconf 78' lang='lat' dir='ltr'><strong>exoeiierrtiae.</strong></span> 
     </span>
     <span class='ocr_line' id='line_1_20' title="bbox 293 2225 1238 2309; baseline 0.002 -16"><span class='ocrx_word' id='word_1_112' title='bbox 293 2229 554 2306; x_wconf 84' lang='lat' dir='ltr'><strong>Omueeiuudent‚</strong></span> <span class='ocrx_word' id='word_1_113' title='bbox 576 2227 816 2308; x_wconf 68' lang='lat' dir='ltr'><strong>eodegundem,</strong></span> <span class='ocrx_word' id='word_1_114' title='bbox 843 2227 970 2291; x_wconf 84' lang='lat' dir='ltr'><strong>Matrem</strong></span> <span class='ocrx_word' id='word_1_115' title='bbox 992 2227 1046 2290; x_wconf 79' lang='lat' dir='ltr'><strong>liei</strong></span> <span class='ocrx_word' id='word_1_116' title='bbox 1068 2225 1238 2309; x_wconf 81' lang='lat' dir='ltr'><strong>Virginemr</strong></span> 
     </span>
     <span class='ocr_line' id='line_1_21' title="bbox 253 2313 1045 2396; baseline -0.001 -19"><span class='ocrx_word' id='word_1_117' title='bbox 253 2315 360 2378; x_wconf 79' lang='lat' dir='ltr'><strong>Nullos</strong></span> <span class='ocrx_word' id='word_1_118' title='bbox 382 2313 492 2394; x_wconf 82' lang='lat' dir='ltr'><strong>fingat,</strong></span> <span class='ocrx_word' id='word_1_119' title='bbox 514 2315 588 2396; x_wconf 90' lang='lat' dir='ltr'><strong>quod</strong></span> <span class='ocrx_word' id='word_1_120' title='bbox 609 2313 734 2392; x_wconf 86' lang='lat' dir='ltr'><strong>attingat</strong></span> <span class='ocrx_word' id='word_1_121' title='bbox 751 2315 813 2376; x_wconf 87' lang='lat' dir='ltr'><strong>eine</strong></span> <span class='ocrx_word' id='word_1_122' title='bbox 834 2313 1045 2378; x_wconf 83' lang='lat' dir='ltr'><strong>celsitudinem.</strong></span> 
     </span>
     <span class='ocr_line' id='line_1_22' title="bbox 295 2397 1129 2478; baseline -0.004 -16"><span class='ocrx_word' id='word_1_123' title='bbox 295 2399 388 2463; x_wconf 89' lang='lat' dir='ltr'><strong>Nemo</strong></span> <span class='ocrx_word' id='word_1_124' title='bbox 410 2400 501 2474; x_wconf 91' lang='lat' dir='ltr'><strong>dicet,</strong></span> <span class='ocrx_word' id='word_1_125' title='bbox 524 2408 662 2478; x_wconf 86' lang='lat' dir='ltr'><strong>quantum</strong></span> <span class='ocrx_word' id='word_1_126' title='bbox 682 2399 763 2475; x_wconf 89' lang='lat' dir='ltr'><strong>licet,</strong></span> <span class='ocrx_word' id='word_1_127' title='bbox 786 2397 907 2460; x_wconf 83' lang='lat' dir='ltr'><strong>laudans</strong></span> <span class='ocrx_word' id='word_1_128' title='bbox 928 2400 991 2462; x_wconf 88' lang='lat' dir='ltr'><strong>eius</strong></span> <span class='ocrx_word' id='word_1_129' title='bbox 1014 2397 1129 2462; x_wconf 88' lang='lat' dir='ltr'><strong>merita:</strong></span> 
     </span>
     <span class='ocr_line' id='line_1_23' title="bbox 250 2483 920 2562; baseline 0.003 -18"><span class='ocrx_word' id='word_1_130' title='bbox 250 2483 324 2562; x_wconf 80' lang='lat' dir='ltr'><strong>Eius</strong></span> <span class='ocrx_word' id='word_1_131' title='bbox 344 2491 447 2546; x_wconf 88' lang='lat' dir='ltr'><strong>eunetu</strong></span> <span class='ocrx_word' id='word_1_132' title='bbox 468 2495 535 2544; x_wconf 89' lang='lat' dir='ltr'><strong>suut</strong></span> <span class='ocrx_word' id='word_1_133' title='bbox 557 2492 654 2546; x_wconf 86' lang='lat' dir='ltr'><strong>create</strong></span> <span class='ocrx_word' id='word_1_134' title='bbox 674 2483 776 2546; x_wconf 91' lang='lat' dir='ltr'><strong>ditioni</strong></span> <span class='ocrx_word' id='word_1_135' title='bbox 797 2483 920 2546; x_wconf 81' lang='lat' dir='ltr'><strong>subdite.</strong></span> 
     </span>
     <span class='ocr_line' id='line_1_24' title="bbox 293 2565 1159 2650; baseline -0.001 -21"><span class='ocrx_word' id='word_1_136' title='bbox 293 2568 351 2630; x_wconf 88' lang='lat' dir='ltr'><strong>Sed</strong></span> <span class='ocrx_word' id='word_1_137' title='bbox 374 2589 511 2644; x_wconf 87' lang='lat' dir='ltr'><strong>neeesse,</strong></span> <span class='ocrx_word' id='word_1_138' title='bbox 534 2569 608 2650; x_wconf 91' lang='lat' dir='ltr'><strong>quod</strong></span> <span class='ocrx_word' id='word_1_139' title='bbox 632 2573 770 2648; x_wconf 80' lang='lat' dir='ltr'><strong>prodesse</strong></span> <span class='ocrx_word' id='word_1_140' title='bbox 791 2569 849 2648; x_wconf 88' lang='lat' dir='ltr'><strong>piis</strong></span> <span class='ocrx_word' id='word_1_141' title='bbox 868 2575 980 2628; x_wconf 87' lang='lat' dir='ltr'><strong>eoustot</strong></span> <span class='ocrx_word' id='word_1_142' title='bbox 1000 2565 1159 2649; x_wconf 76' lang='lat' dir='ltr'><strong>mentitus,</strong></span> 
     </span>
    </p>
   </div>
   <div class='ocr_carea' id='block_1_5' title="bbox 152 2651 1102 2732">
    <p class='ocr_par' dir='ltr' id='par_1_5' title="bbox 152 2651 1102 2732">
     <span class='ocr_line' id='line_1_25' title="bbox 152 2651 1102 2732; baseline -0.004 -15"><span class='ocrx_word' id='word_1_143' title='bbox 152 2685 155 2692; x_wconf 33' lang='lat' dir='ltr'>v</span> <span class='ocrx_word' id='word_1_144' title='bbox 226 2692 230 2703; x_wconf 85' lang='lat'>.</span> <span class='ocrx_word' id='word_1_145' title='bbox 250 2653 292 2716; x_wconf 88' lang='lat' dir='ltr'><strong>Ut</strong></span> <span class='ocrx_word' id='word_1_146' title='bbox 310 2651 471 2727; x_wconf 87' lang='lat' dir='ltr'><strong>intendam,</strong></span> <span class='ocrx_word' id='word_1_147' title='bbox 493 2654 568 2732; x_wconf 80' lang='lat' dir='ltr'><strong>qnod</strong></span> <span class='ocrx_word' id='word_1_148' title='bbox 590 2651 755 2731; x_wconf 88' lang='lat' dir='ltr'><strong>impendam</strong></span> <span class='ocrx_word' id='word_1_149' title='bbox 776 2671 822 2714; x_wconf 92' lang='lat' dir='ltr'><strong>me</strong></span> <span class='ocrx_word' id='word_1_150' title='bbox 843 2653 936 2730; x_wconf 85' lang='lat' dir='ltr'><strong>ipsius</strong></span> <span class='ocrx_word' id='word_1_151' title='bbox 959 2651 1102 2713; x_wconf 81' lang='lat' dir='ltr'><strong>iorrdiirus.</strong></span> 
     </span>
    </p>
   </div>
   <div class='ocr_carea' id='block_1_6' title="bbox 252 2736 1213 2900">
    <p class='ocr_par' dir='ltr' id='par_1_6' title="bbox 252 2736 1213 2900">
     <span class='ocr_line' id='line_1_26' title="bbox 293 2736 1213 2818; baseline 0 -19"><span class='ocrx_word' id='word_1_152' title='bbox 293 2737 436 2818; x_wconf 80' lang='lat' dir='ltr'><strong>Quamvis</strong></span> <span class='ocrx_word' id='word_1_153' title='bbox 458 2737 565 2812; x_wconf 86' lang='lat' dir='ltr'><strong>scium,</strong></span> <span class='ocrx_word' id='word_1_154' title='bbox 586 2737 662 2816; x_wconf 83' lang='lat' dir='ltr'><strong>quod</strong></span> <span class='ocrx_word' id='word_1_155' title='bbox 685 2737 811 2799; x_wconf 83' lang='lat' dir='ltr'><strong>Marium</strong></span> <span class='ocrx_word' id='word_1_156' title='bbox 833 2755 918 2798; x_wconf 90' lang='lat' dir='ltr'><strong>nemo</strong></span> <span class='ocrx_word' id='word_1_157' title='bbox 939 2736 1027 2816; x_wconf 82' lang='lat' dir='ltr'><strong>digne</strong></span> <span class='ocrx_word' id='word_1_158' title='bbox 1048 2737 1213 2817; x_wconf 75' lang='lat' dir='ltr'><strong>prnerdeet3</strong></span> 
     </span>
     <span class='ocr_line' id='line_1_27' title="bbox 252 2821 1194 2900; baseline -0.004 -16"><span class='ocrx_word' id='word_1_159' title='bbox 252 2821 368 2884; x_wconf 79' lang='lat' dir='ltr'><strong>&#39;l&#39;ameu</strong></span> <span class='ocrx_word' id='word_1_160' title='bbox 389 2840 482 2883; x_wconf 79' lang='lat' dir='ltr'><strong>renus</strong></span> <span class='ocrx_word' id='word_1_161' title='bbox 501 2829 529 2881; x_wconf 91' lang='lat' dir='ltr'><strong>et</strong></span> <span class='ocrx_word' id='word_1_162' title='bbox 548 2821 669 2882; x_wconf 83' lang='lat' dir='ltr'><strong>insonus</strong></span> <span class='ocrx_word' id='word_1_163' title='bbox 692 2831 751 2897; x_wconf 85' lang='lat' dir='ltr'><strong>est,</strong></span> <span class='ocrx_word' id='word_1_164' title='bbox 774 2823 823 2900; x_wconf 83' lang='lat' dir='ltr'><strong>pai</strong></span> <span class='ocrx_word' id='word_1_165' title='bbox 846 2840 910 2885; x_wconf 90' lang='lat' dir='ltr'><strong>earu</strong></span> <span class='ocrx_word' id='word_1_166' title='bbox 932 2823 1042 2884; x_wconf 84' lang='lat' dir='ltr'><strong>reticet.</strong></span> <span class='ocrx_word' id='word_1_167' title='bbox 1187 2831 1194 2840; x_wconf 78' lang='grc'><strong>’</strong></span> 
     </span>
    </p>
   </div>
   <div class='ocr_carea' id='block_1_7' title="bbox 111 2903 939 2985">
    <p class='ocr_par' dir='ltr' id='par_1_7' title="bbox 111 2903 939 2985">
     <span class='ocr_line' id='line_1_28' title="bbox 111 2903 939 2985; baseline -0.004 -16"><span class='ocrx_word' id='word_1_168' title='bbox 111 2903 117 2916; x_wconf 84' lang='grc'><em>“</em></span> <span class='ocrx_word' id='word_1_169' title='bbox 219 2965 236 2978; x_wconf 81' lang='grc'><strong>,</strong></span> <span class='ocrx_word' id='word_1_170' title='bbox 297 2903 390 2968; x_wconf 80' lang='lat' dir='ltr'><strong>Cuius</strong></span> <span class='ocrx_word' id='word_1_171' title='bbox 412 2906 487 2982; x_wconf 82' lang='lat' dir='ltr'><strong>rita,</strong></span> <span class='ocrx_word' id='word_1_172' title='bbox 504 2906 617 2966; x_wconf 85' lang='lat' dir='ltr'><strong>erudite</strong></span> <span class='ocrx_word' id='word_1_173' title='bbox 637 2905 792 2985; x_wconf 84' lang='lat' dir='ltr'><strong>disoiptiuu</strong></span> <span class='ocrx_word' id='word_1_174' title='bbox 812 2907 939 2981; x_wconf 79' lang='lat' dir='ltr'><strong>coelica,</strong></span> 
     </span>
    </p>
   </div>
   <div class='ocr_carea' id='block_1_8' title="bbox 196 2988 1144 3324">
    <p class='ocr_par' dir='ltr' id='par_1_8' title="bbox 196 2988 1144 3324">
     <span class='ocr_line' id='line_1_29' title="bbox 196 2988 986 3070; baseline -0.006 -16"><span class='ocrx_word' id='word_1_175' title='bbox 196 3009 204 3028; x_wconf 75' lang='lat'><strong><em>¹</em></strong></span> <span class='ocrx_word' id='word_1_176' title='bbox 252 2990 436 3070; x_wconf 71' lang='lat' dir='ltr'><strong>Argumenta</strong></span> <span class='ocrx_word' id='word_1_177' title='bbox 457 2999 486 3049; x_wconf 91' lang='lat' dir='ltr'><strong>et</strong></span> <span class='ocrx_word' id='word_1_178' title='bbox 506 2988 647 3066; x_wconf 81' lang='lat' dir='ltr'><strong>figmenta</strong></span> <span class='ocrx_word' id='word_1_179' title='bbox 666 2990 809 3053; x_wconf 73' lang='lat' dir='ltr'><strong>destruxit</strong></span> <span class='ocrx_word' id='word_1_180' title='bbox 831 2991 986 3052; x_wconf 85' lang='lat' dir='ltr'><strong>haeretica.</strong></span> 
     </span>
     <span class='ocr_line' id='line_1_30' title="bbox 296 3070 1144 3153; baseline -0.001 -17"><span class='ocrx_word' id='word_1_181' title='bbox 296 3071 394 3136; x_wconf 78' lang='lat' dir='ltr'><strong>Huius</strong></span> <span class='ocrx_word' id='word_1_182' title='bbox 415 3091 512 3134; x_wconf 85' lang='lat' dir='ltr'><strong>rueres</strong></span> <span class='ocrx_word' id='word_1_183' title='bbox 534 3084 669 3151; x_wconf 83' lang='lat' dir='ltr'><strong>tauquam</strong></span> <span class='ocrx_word' id='word_1_184' title='bbox 688 3073 776 3136; x_wconf 84' lang='lat' dir='ltr'><strong>flores</strong></span> <span class='ocrx_word' id='word_1_185' title='bbox 798 3085 941 3136; x_wconf 82' lang='lat' dir='ltr'><strong>exornent</strong></span> <span class='ocrx_word' id='word_1_186' title='bbox 963 3070 1144 3153; x_wconf 68' lang='lat' dir='ltr'><strong>Ecclesiam</strong></span> 
     </span>
     <span class='ocr_line' id='line_1_31' title="bbox 253 3156 1061 3239; baseline -0.005 -15"><span class='ocrx_word' id='word_1_187' title='bbox 253 3156 391 3224; x_wconf 74' lang='lat' dir='ltr'><strong>Actiones</strong></span> <span class='ocrx_word' id='word_1_188' title='bbox 412 3165 440 3217; x_wconf 90' lang='lat' dir='ltr'><strong>et</strong></span> <span class='ocrx_word' id='word_1_189' title='bbox 462 3175 612 3221; x_wconf 82' lang='lat' dir='ltr'><strong>sermones</strong></span> <span class='ocrx_word' id='word_1_190' title='bbox 632 3158 735 3220; x_wconf 90' lang='lat' dir='ltr'><strong>mirem</strong></span> <span class='ocrx_word' id='word_1_191' title='bbox 756 3170 904 3238; x_wconf 83' lang='lat' dir='ltr'><strong>praestant</strong></span> <span class='ocrx_word' id='word_1_192' title='bbox 926 3157 1061 3239; x_wconf 84' lang='lat' dir='ltr'><strong>gretiam.</strong></span> 
     </span>
     <span class='ocr_line' id='line_1_32' title="bbox 296 3239 1080 3324; baseline -0.004 -20"><span class='ocrx_word' id='word_1_193' title='bbox 296 3241 378 3306; x_wconf 83' lang='lat' dir='ltr'><strong>Erae</strong></span> <span class='ocrx_word' id='word_1_194' title='bbox 400 3242 510 3303; x_wconf 89' lang='lat' dir='ltr'><strong>crimen</strong></span> <span class='ocrx_word' id='word_1_195' title='bbox 531 3241 614 3304; x_wconf 77' lang='lat' dir='ltr'><strong>roobia</strong></span> <span class='ocrx_word' id='word_1_196' title='bbox 636 3243 726 3304; x_wconf 84' lang='lat' dir='ltr'><strong>limen</strong></span> <span class='ocrx_word' id='word_1_197' title='bbox 748 3243 875 3324; x_wconf 82' lang='lat' dir='ltr'><strong>peradisi</strong></span> <span class='ocrx_word' id='word_1_198' title='bbox 898 3239 1080 3312; x_wconf 75' lang='lat' dir='ltr'><strong>elauserstc&#39;</strong></span> 
     </span>
    </p>
   </div>
   <div class='ocr_carea' id='block_1_9' title="bbox 126 3327 1124 3406">
    <p class='ocr_par' dir='ltr' id='par_1_9' title="bbox 126 3327 1124 3406">
     <span class='ocr_line' id='line_1_33' title="bbox 126 3327 1124 3406; baseline -0.006 -11"><span class='ocrx_word' id='word_1_199' title='bbox 126 3363 155 3380; x_wconf 51' lang='grc' dir='ltr'><strong>-ι</strong></span> <span class='ocrx_word' id='word_1_200' title='bbox 253 3327 352 3404; x_wconf 82' lang='lat' dir='ltr'><strong>Haec,</strong></span> <span class='ocrx_word' id='word_1_201' title='bbox 373 3327 441 3388; x_wconf 90' lang='lat' dir='ltr'><strong>dum</strong></span> <span class='ocrx_word' id='word_1_202' title='bbox 464 3327 554 3388; x_wconf 85' lang='lat' dir='ltr'><strong>eredit</strong></span> <span class='ocrx_word' id='word_1_203' title='bbox 575 3337 603 3387; x_wconf 91' lang='lat' dir='ltr'><strong>ct</strong></span> <span class='ocrx_word' id='word_1_204' title='bbox 625 3327 719 3387; x_wconf 77' lang='lat' dir='ltr'><strong>obedit</strong></span> <span class='ocrx_word' id='word_1_205' title='bbox 727 3371 736 3406; x_wconf 92' lang='lat'>,</span> <span class='ocrx_word' id='word_1_206' title='bbox 759 3328 830 3390; x_wconf 82' lang='lat' dir='ltr'><strong>coeii</strong></span> <span class='ocrx_word' id='word_1_207' title='bbox 855 3328 982 3388; x_wconf 83' lang='lat' dir='ltr'><strong>claustra</strong></span> <span class='ocrx_word' id='word_1_208' title='bbox 1004 3334 1124 3390; x_wconf 79' lang='lat' dir='ltr'><strong>reseret.</strong></span> 
     </span>
    </p>
   </div>
   <div class='ocr_carea' id='block_1_10' title="bbox 210 3410 1165 4424">
    <p class='ocr_par' dir='ltr' id='par_1_10' title="bbox 253 3410 1117 3576">
     <span class='ocr_line' id='line_1_34' title="bbox 296 3410 1117 3492; baseline -0.002 -18"><span class='ocrx_word' id='word_1_209' title='bbox 296 3411 420 3490; x_wconf 81' lang='lat' dir='ltr'><strong>Propter</strong></span> <span class='ocrx_word' id='word_1_210' title='bbox 438 3410 532 3472; x_wconf 83' lang='lat' dir='ltr'><strong>Eram</strong></span> <span class='ocrx_word' id='word_1_211' title='bbox 554 3413 640 3473; x_wconf 82' lang='lat' dir='ltr'><strong>nono</strong></span> <span class='ocrx_word' id='word_1_212' title='bbox 661 3431 781 3474; x_wconf 80' lang='lat' dir='ltr'><strong>saeuam</strong></span> <span class='ocrx_word' id='word_1_213' title='bbox 800 3413 911 3492; x_wconf 83' lang='lat' dir='ltr'><strong>aceepit</strong></span> <span class='ocrx_word' id='word_1_214' title='bbox 930 3411 1117 3474; x_wconf 76' lang='lat' dir='ltr'><strong>senteutiame</strong></span> 
     </span>
     <span class='ocr_line' id='line_1_35' title="bbox 253 3493 1074 3576; baseline 0.001 -17"><span class='ocrx_word' id='word_1_215' title='bbox 253 3495 312 3559; x_wconf 84' lang='lat' dir='ltr'><strong>Per</strong></span> <span class='ocrx_word' id='word_1_216' title='bbox 332 3495 461 3558; x_wconf 78' lang='lat' dir='ltr'><strong>Mecium</strong></span> <span class='ocrx_word' id='word_1_217' title='bbox 481 3497 568 3557; x_wconf 78' lang='lat' dir='ltr'><strong>iubet</strong></span> <span class='ocrx_word' id='word_1_218' title='bbox 587 3497 666 3556; x_wconf 74' lang='lat' dir='ltr'><strong>rium</strong></span> <span class='ocrx_word' id='word_1_219' title='bbox 690 3513 764 3574; x_wconf 78' lang='lat' dir='ltr'><strong>qnae</strong></span> <span class='ocrx_word' id='word_1_220' title='bbox 786 3499 863 3560; x_wconf 86' lang='lat' dir='ltr'><strong>ducit</strong></span> <span class='ocrx_word' id='word_1_221' title='bbox 883 3498 918 3558; x_wconf 82' lang='lat' dir='ltr'><strong>ud</strong></span> <span class='ocrx_word' id='word_1_222' title='bbox 942 3493 1074 3576; x_wconf 76' lang='lat' dir='ltr'><strong>petrium.</strong></span> 
     </span>
    </p>

    <p class='ocr_par' dir='ltr' id='par_1_11' title="bbox 210 3579 1071 3746">
     <span class='ocr_line' id='line_1_36' title="bbox 296 3579 1071 3660; baseline -0.005 -17"><span class='ocrx_word' id='word_1_223' title='bbox 296 3579 379 3644; x_wconf 81' lang='lat' dir='ltr'><strong>Hseo</strong></span> <span class='ocrx_word' id='word_1_224' title='bbox 399 3581 524 3642; x_wconf 75' lang='lat' dir='ltr'><strong>emunda</strong></span> <span class='ocrx_word' id='word_1_225' title='bbox 545 3591 574 3640; x_wconf 93' lang='lat' dir='ltr'><strong>et</strong></span> <span class='ocrx_word' id='word_1_226' title='bbox 592 3579 737 3641; x_wconf 78' lang='lat' dir='ltr'><strong>laudando</strong></span> <span class='ocrx_word' id='word_1_227' title='bbox 757 3584 868 3644; x_wconf 85' lang='lat' dir='ltr'><strong>eunetis</strong></span> <span class='ocrx_word' id='word_1_228' title='bbox 888 3579 1071 3660; x_wconf 79' lang='lat' dir='ltr'><strong>specialiterr</strong></span> 
     </span>
     <span class='ocr_line' id='line_1_37' title="bbox 210 3663 919 3746; baseline -0.007 -15"><span class='ocrx_word' id='word_1_229' title='bbox 210 3669 219 3688; x_wconf 85' lang='lat'><em>⁰</em></span> <span class='ocrx_word' id='word_1_230' title='bbox 254 3663 444 3731; x_wconf 68' lang='lat' dir='ltr'><strong>immorior</strong></span> <span class='ocrx_word' id='word_1_231' title='bbox 467 3664 577 3743; x_wconf 84' lang='lat' dir='ltr'><strong>precari</strong></span> <span class='ocrx_word' id='word_1_232' title='bbox 598 3666 679 3726; x_wconf 80' lang='lat' dir='ltr'><strong>deest</strong></span> <span class='ocrx_word' id='word_1_233' title='bbox 701 3663 813 3726; x_wconf 86' lang='lat' dir='ltr'><strong>iiiam</strong></span> <span class='ocrx_word' id='word_1_234' title='bbox 806 3665 878 3746; x_wconf 83' lang='lat' dir='ltr'><strong>rugit</strong></span> <span class='ocrx_word' id='word_1_235' title='bbox 870 3685 919 3730; x_wconf 87' lang='lat' dir='ltr'><strong>..er</strong></span> 
     </span>
    </p>

    <p class='ocr_par' dir='ltr' id='par_1_12' title="bbox 255 3748 1165 3914">
     <span class='ocr_line' id='line_1_38' title="bbox 297 3748 1165 3842; baseline -0.002 -28"><span class='ocrx_word' id='word_1_236' title='bbox 297 3749 383 3816; x_wconf 71' lang='lat' dir='ltr'><strong>illem</strong></span> <span class='ocrx_word' id='word_1_237' title='bbox 406 3767 510 3828; x_wconf 81' lang='lat' dir='ltr'><strong>pesco,</strong></span> <span class='ocrx_word' id='word_1_238' title='bbox 531 3767 616 3828; x_wconf 79' lang='lat' dir='ltr'><strong>quum</strong></span> <span class='ocrx_word' id='word_1_239' title='bbox 640 3769 787 3842; x_wconf 85' lang='lat' dir='ltr'><strong>cognosco</strong></span> <span class='ocrx_word' id='word_1_240' title='bbox 807 3771 904 3829; x_wconf 87' lang='lat' dir='ltr'><strong>posse</strong></span> <span class='ocrx_word' id='word_1_241' title='bbox 916 3767 1036 3830; x_wconf 81' lang='lat' dir='ltr'><strong>prorsus</strong></span> <span class='ocrx_word' id='word_1_242' title='bbox 1057 3748 1165 3816; x_wconf 83' lang='lat' dir='ltr'><strong>omnia.</strong></span> 
     </span>
     <span class='ocr_line' id='line_1_39' title="bbox 255 3833 1025 3933; baseline -0.009 -35"><span class='ocrx_word' id='word_1_243' title='bbox 255 3833 296 3898; x_wconf 86' lang='lat' dir='ltr'><strong>Ut</strong></span> <span class='ocrx_word' id='word_1_244' title='bbox 315 3833 423 3898; x_wconf 77' lang='lat' dir='ltr'><strong>evellat</strong></span> <span class='ocrx_word' id='word_1_245' title='bbox 442 3841 471 3916; x_wconf 78' lang='grc' dir='ltr'><strong>ιι</strong></span> <span class='ocrx_word' id='word_1_246' title='bbox 491 3833 614 3914; x_wconf 81' lang='lat' dir='ltr'><strong>reprttor</strong></span> <span class='ocrx_word' id='word_1_247' title='bbox 635 3853 709 3913; x_wconf 84' lang='lat' dir='ltr'><strong>qaae</strong></span> <span class='ocrx_word' id='word_1_248' title='bbox 729 3849 797 3895; x_wconf 86' lang='lat' dir='ltr'><strong>suut</strong></span> <span class='ocrx_word' id='word_1_249' title='bbox 819 3835 907 3933; x_wconf 39' lang='lat' dir='ltr'><strong>uobis·</strong></span> <span class='ocrx_word' id='word_1_250' title='bbox 924 3834 1025 3896; x_wconf 81' lang='lat' dir='ltr'><strong>noxio.</strong></span> 
     </span>
    </p>

    <p class='ocr_par' dir='ltr' id='par_1_13' title="bbox 255 3915 1107 4081">
     <span class='ocr_line' id='line_1_40' title="bbox 298 3915 1107 3998; baseline -0.001 -19"><span class='ocrx_word' id='word_1_251' title='bbox 298 3919 366 3997; x_wconf 82' lang='lat' dir='ltr'><strong>ipsa</strong></span> <span class='ocrx_word' id='word_1_252' title='bbox 389 3919 490 3998; x_wconf 87' lang='lat' dir='ltr'><strong>donet,</strong></span> <span class='ocrx_word' id='word_1_253' title='bbox 512 3927 542 3978; x_wconf 91' lang='lat' dir='ltr'><strong>ut</strong></span> <span class='ocrx_word' id='word_1_254' title='bbox 563 3919 638 3997; x_wconf 89' lang='lat' dir='ltr'><strong>quod</strong></span> <span class='ocrx_word' id='word_1_255' title='bbox 661 3929 757 3980; x_wconf 88' lang='lat' dir='ltr'><strong>mouet</strong></span> <span class='ocrx_word' id='word_1_256' title='bbox 777 3931 863 3981; x_wconf 79' lang='lat' dir='ltr'><strong>uetus</strong></span> <span class='ocrx_word' id='word_1_257' title='bbox 883 3917 962 3995; x_wconf 89' lang='lat' dir='ltr'><strong>eius,</strong></span> <span class='ocrx_word' id='word_1_258' title='bbox 987 3915 1107 3990; x_wconf 81' lang='lat' dir='ltr'><strong>faciam,</strong></span> 
     </span>
     <span class='ocr_line' id='line_1_41' title="bbox 255 3999 997 4084; baseline -0.001 -18"><span class='ocrx_word' id='word_1_259' title='bbox 255 3999 294 4066; x_wconf 74' lang='lat' dir='ltr'><strong>Et</strong></span> <span class='ocrx_word' id='word_1_260' title='bbox 315 4001 396 4064; x_wconf 79' lang='lat' dir='ltr'><strong>fluite</strong></span> <span class='ocrx_word' id='word_1_261' title='bbox 417 4001 513 4064; x_wconf 82' lang='grc' dir='ltr'><strong>ιιιιίι</strong></span> <span class='ocrx_word' id='word_1_262' title='bbox 535 4001 609 4078; x_wconf 82' lang='lat' dir='ltr'><strong>rita,</strong></span> <span class='ocrx_word' id='word_1_263' title='bbox 633 4002 726 4066; x_wconf 84' lang='lat' dir='ltr'><strong>taetus</strong></span> <span class='ocrx_word' id='word_1_264' title='bbox 748 4005 840 4065; x_wconf 83' lang='lat' dir='ltr'><strong>huno</strong></span> <span class='ocrx_word' id='word_1_265' title='bbox 845 4003 997 4084; x_wconf 79' lang='lat' dir='ltr'><strong>aspiciam.</strong></span> 
     </span>
    </p>

    <p class='ocr_par' dir='ltr' id='par_1_14' title="bbox 255 4087 1073 4252">
     <span class='ocr_line' id='line_1_42' title="bbox 299 4087 1073 4168; baseline -0.003 -20"><span class='ocrx_word' id='word_1_266' title='bbox 299 4087 325 4148; x_wconf 91' lang='lat'>0</span> <span class='ocrx_word' id='word_1_267' title='bbox 346 4098 515 4148; x_wconf 86' lang='lat' dir='ltr'><strong>cunctarum</strong></span> <span class='ocrx_word' id='word_1_268' title='bbox 536 4087 729 4152; x_wconf 74' lang='lat' dir='ltr'><strong>foeminarum</strong></span> <span class='ocrx_word' id='word_1_269' title='bbox 750 4090 838 4150; x_wconf 84' lang='lat' dir='ltr'><strong>decus</strong></span> <span class='ocrx_word' id='word_1_270' title='bbox 860 4097 945 4168; x_wconf 85' lang='lat' dir='ltr'><strong>etque</strong></span> <span class='ocrx_word' id='word_1_271' title='bbox 966 4087 1073 4167; x_wconf 86' lang='lat' dir='ltr'><strong>gloria.</strong></span> 
     </span>
     <span class='ocr_line' id='line_1_43' title="bbox 255 4169 1072 4252; baseline -0.001 -19"><span class='ocrx_word' id='word_1_272' title='bbox 255 4173 352 4251; x_wconf 77' lang='lat' dir='ltr'><strong>Quam</strong></span> <span class='ocrx_word' id='word_1_273' title='bbox 373 4171 524 4252; x_wconf 76' lang='lat' dir='ltr'><strong>protono</strong></span> <span class='ocrx_word' id='word_1_274' title='bbox 546 4181 574 4231; x_wconf 92' lang='lat' dir='ltr'><strong>et</strong></span> <span class='ocrx_word' id='word_1_275' title='bbox 596 4171 702 4234; x_wconf 82' lang='lat' dir='ltr'><strong>elatam</strong></span> <span class='ocrx_word' id='word_1_276' title='bbox 724 4173 832 4235; x_wconf 85' lang='lat' dir='ltr'><strong>scimus</strong></span> <span class='ocrx_word' id='word_1_277' title='bbox 855 4193 942 4252; x_wconf 79' lang='lat' dir='ltr'><strong>snper</strong></span> <span class='ocrx_word' id='word_1_278' title='bbox 965 4169 1072 4233; x_wconf 85' lang='lat' dir='ltr'><strong>omnin.</strong></span> 
     </span>
    </p>

    <p class='ocr_par' dir='ltr' id='par_1_15' title="bbox 253 4251 1163 4424">
     <span class='ocr_line' id='line_1_44' title="bbox 298 4251 1163 4338; baseline 0 -20"><span class='ocrx_word' id='word_1_279' title='bbox 298 4255 435 4318; x_wconf 82' lang='lat' dir='ltr'><strong>Clemens</strong></span> <span class='ocrx_word' id='word_1_280' title='bbox 457 4254 540 4329; x_wconf 89' lang='lat' dir='ltr'><strong>audi,</strong></span> <span class='ocrx_word' id='word_1_281' title='bbox 564 4265 630 4316; x_wconf 87' lang='lat' dir='ltr'><strong>tuoe</strong></span> <span class='ocrx_word' id='word_1_282' title='bbox 652 4257 730 4318; x_wconf 87' lang='lat' dir='ltr'><strong>teudi</strong></span> <span class='ocrx_word' id='word_1_283' title='bbox 753 4277 825 4338; x_wconf 85' lang='lat' dir='ltr'><strong>quos</strong></span> <span class='ocrx_word' id='word_1_284' title='bbox 846 4257 987 4320; x_wconf 85' lang='lat' dir='ltr'><strong>instantes</strong></span> <span class='ocrx_word' id='word_1_285' title='bbox 1009 4251 1163 4336; x_wconf 78' lang='lat' dir='ltr'><strong>conspicis.</strong></span> 
     </span>
     <span class='ocr_line' id='line_1_45' title="bbox 253 4301 1023 4424; baseline 0 -20"><span class='ocrx_word' id='word_1_286' title='bbox 253 4339 370 4404; x_wconf 82' lang='lat' dir='ltr'><strong>Munda</strong></span> <span class='ocrx_word' id='word_1_287' title='bbox 388 4357 454 4403; x_wconf 84' lang='lat' dir='ltr'><strong>reos</strong></span> <span class='ocrx_word' id='word_1_288' title='bbox 476 4351 504 4402; x_wconf 88' lang='lat' dir='ltr'><strong>et</strong></span> <span class='ocrx_word' id='word_1_289' title='bbox 523 4301 573 4402; x_wconf 75' lang='lat' dir='ltr'><strong>iau</strong></span> <span class='ocrx_word' id='word_1_290' title='bbox 593 4357 644 4404; x_wconf 84' lang='lat' dir='ltr'><strong>ees</strong></span> <span class='ocrx_word' id='word_1_291' title='bbox 665 4341 749 4407; x_wconf 80' lang='lat' dir='ltr'><strong>deuio</strong></span> <span class='ocrx_word' id='word_1_292' title='bbox 768 4342 874 4424; x_wconf 82' lang='lat' dir='ltr'><strong>dignos</strong></span> <span class='ocrx_word' id='word_1_293' title='bbox 896 4341 1023 4406; x_wconf 80' lang='lat' dir='ltr'><strong>coelicis.</strong></span> 
     </span>
    </p>
   </div>
   <div class='ocr_carea' id='block_1_11' title="bbox 0 0 1452 4968">
    <p class='ocr_par' dir='ltr' id='par_1_16' title="bbox 0 0 1452 4968">
     <span class='ocr_line' id='line_1_46' title="bbox 0 0 1452 4968; baseline 0 0"><span class='ocrx_word' id='word_1_294' title='bbox 0 0 1452 4968; x_wconf 95' lang='lat' dir='ltr'><strong> </strong></span> 
     </span>
    </p>
   </div>
  </div>
 </body>
</html>
