2864 4974
728 455 816 532 178

116 602 154 624 's
206 669 218 682 ν
302 641 333 705 d.
375 637 451 701 Nam
473 636 661 718 piscatorem,
688 643 823 718 egentem·
842 636 965 716 vietum,
992 645 1055 700 arte
1075 623 1304 720 quaeritantem

126 740 132 752 ’
244 743 388 788 summum
416 723 489 786 leeit’
519 723 746 802 praedicatorem
779 741 868 803 snper
902 741 986 803 quern
1021 732 1184 786 construetu
1214 731 1305 804 eaput

245 809 322 874 leuat
342 817 435 872 mater
454 807 587 876 eeclesia.

304 913 336 981 7.
377 911 438 974 Nee
458 917 516 971 nort
537 917 750 990 perseeutoratn
762 908 811 989 qui
830 917 960 970 sanetm
974 908 1141 972 devastabat
1153 909 1305 974 eeclesiam

242 993 566 1146 ffigfflnffwim
591 994 739 1077 gentium,
771 1012 823 1058 uas
851 991 1020 1072 perditionis
1042 992 1256 1070 trapslormasti
1275 992 1305 1054 in

305 1183 337 1250 8.
379 1179 513 1264 implerit
536 1177 655 1260 spiritus
676 1179 751 1242 idern
774 1198 895 1260 puerum
917 1179 1113 1244 citharoedum
1136 1189 1164 1242 et
1185 1179 1304 1261 psalmi·

244 1281 319 1332 stam
358 1267 500 1331 faciebat:
549 1263 672 1326 armenti
718 1274 815 1328 eustos
867 1265 924 1326 hoo
964 1265 1081 1328 ulflesrte
1123 1263 1304 1346 prophetavit

243 1357 345 1418 Amos.
426 1365 434 1398 ἰ

304 1457 336 1518 9.
363 1453 457 1522 ‚idem
492 1449 539 1512 rel
573 1448 715 1510 latronem
748 1470 920 1531 suspensum
956 1470 1126 1533 persuasor,
1160 1461 1304 1512 meretum

242 1539 381 1606 convertit
400 1537 429 1598 in
451 1533 656 1598 confessorem.
1244 1529 1247 1534 '

286 1643 338 1705 10.
379 1638 511 1707 Telonea
527 1637 674 1724 ¹quondum
695 1637 841 1720 sedentem
862 1639 967 1700 artilex
990 1637 1099 1718 peritus
1119 1635 1304 1700 transformet

241 1728 273 1790 in
295 1723 514 1806 evangelistam.

288 1833 336 1894 ll.
380 1825 436 1888 llio
457 1825 492 1884 de
514 1801 658 1903 lapidibus
680 1824 775 1888 laoera
796 1824 899 1906 poterit
920 1822 1027 1886 filiolos
1047 1823 1192 1888 Abrahae.

286 1933 335 1996 12.
378 1927 453 1991 Nam
475 1932 506 1986 nt
527 1924 686 2003 praecinuit
697 1925 778 1988 Dens
793 1925 886 2006 spirat
907 1925 1068 2006 ubieunque
1090 1925 1151 1987 uult
1170 1923 1302 2006 spiritus.

285 2032 336 2096 13.
376 2028 505 2107 Spiritus
525 2025 603 2087 alme
624 2026 672 2106 qni
694 2026 789 2108 neseis
811 2047 952 2109 quemque
974 2045 1111 2107 spernere
1133 2027 1198 2090 reni
1221 2024 1303 2087 neiis
1373 2095 1376 2098 ,

109 2160 112 2172 .
242 2111 384 2200 propitius
405 2111 532 2176 lamulls.

285 2217 339 2282 14.
379 2209 573 2277 vittisuittis
605 2211 796 2293 sordibusque
829 2223 929 2276 nostra
962 2215 1069 2276 relerta
1102 2223 1151 2275 tua
1185 2213 1303 2275 damma

240 2305 343 2368 aduret
362 2308 487 2383 pectora.

285 2408 334 2472 15.
379 2399 519 2466 Hostiam
544 2397 659 2464 animae
687 2397 814 2482 repulsis
841 2401 907 2463 inde
934 2399 998 2484 ipse
1019 2401 1138 2465 ueniens
1159 2396 1301 2482 hospitari

238 2485 463 2576 dignerisapud
486 2503 548 2550 nos.

283 2595 331 2658 ld.
374 2589 413 2654 Ut
442 2608 494 2668 per
521 2595 549 2648 te
577 2605 740 2650 mansorem
768 2589 989 2668 praeveniamus
1008 2588 1044 2652 ad
1067 2587 1199 2652 eoelestis
1220 2604 1302 2650 man·

235 2679 326 2742 sienis
347 2674 569 2751 hoereditatem,
838 2751 840 2758 Ι

282 2781 330 2843 17.
356 2777 412 2876 'Et
455 2774 579 2855 depulso
618 2774 852 2855 peregrinatione
882 2760 1080 2857 'gaudeamus
1120 2774 1301 2855 paradisiaca

235 2881 429 2950 possessione.

700 2979 844 2992 m—

237 3169 261 3234 P
322 3077 561 3179 Praeclarissinta
593 3077 686 3138 Prosa
720 3087 804 3140 ornat
836 3078 959 3143 Missale
987 3088 1128 3143 uetustum
1159 3075 1298 3142 aeolesitte

158 3237 161 3246 ,
263 3184 406 3250 regensis.

689 3387 839 3459 CLXIV.

568 3517 748 3600 Sequentia
773 3519 955 3584 Pooelralts.

277 3644 308 3706 l.
348 3637 463 3701 Laudes
483 3631 601 3698 (lhristo
622 3637 761 3718 redempti
783 3657 852 3700 roae
874 3638 1055 3701 modulemur
1074 3637 1218 3720 supplicis

273 3741 305 3807 2.
348 3739 450 3802 Omnis
472 3738 502 3799 in
521 3735 576 3800 luae
597 3735 643 3797 die
664 3733 761 3801 re'rum
781 3750 886 3803 natura
907 3737 1033 3802 iubilans
1071 3717 1081 3728 ⁴
1162 3797 1169 3826 p

274 3843 305 3909 3.
350 3841 488 3904 Personet
515 3837 674 3902 immensas
695 3821 756 3903 tilio
779 3841 832 3902 Dei
854 3841 976 3922 gratias.

275 3948 306 4010 4.
349 3944 410 4006 lanu
433 3928 523 4004 nostri
545 3937 678 4003 eoueires
700 3941 832 4004 coelestis
853 3942 1009 4004 sanctuarii
1031 3941 1148 4024 milites,
1221 3950 1225 3960 '

264 4031 307 4112 'dr
348 4045 471 4110 Ordines
492 4041 596 4106 noveni
618 4041 650 4102 in
672 4051 769 4104 uestra
789 4059 843 4102 nos
864 4044 988 4105 adunate
1008 4020 1125 4126 gaudia.
1253 4058 1254 4069 ¹

273 4150 305 4214 6.
348 4147 485 4228 Hymuite
507 4163 583 4205 nuno
603 4143 719 4223 superi,
740 4141 849 4224 pariter
869 4157 1002 4210 resonata
1023 4147 1126 4230 inlesi,

133 4319 141 4326 ,
236 4245 239 4254 ’
272 4252 303 4316 ἵ.
346 4251 383 4312 Et
404 4248 499 4312 omnis
520 4245 551 4308 in
564 4243 689 4308 'Domini
710 4243 831 4326 spiritus
844 4245 1013 4326 gratuletur
1030 4250 1145 4328 aenesir

270 4353 302 4420 8.
344 4350 402 4430 Qui
423 4346 549 4412 lerninis
568 4361 657 4408 musa
681 4343 761 4408 Dens
781 4345 867 4412 loono
889 4350 1018 4415 nascitur
