<?xml version="1.0" encoding="UTF-8"?>
<!DOCTYPE html PUBLIC "-//W3C//DTD XHTML 1.0 Transitional//EN"
    "http://www.w3.org/TR/xhtml1/DTD/xhtml1-transitional.dtd">
<html xmlns="http://www.w3.org/1999/xhtml" xml:lang="en" lang="en">
 <head>
  <title>
</title>
<meta http-equiv="Content-Type" content="text/html;charset=utf-8" />
  <meta name='ocr-system' content='tesseract 3.04.00' />
  <meta name='ocr-capabilities' content='ocr_page ocr_carea ocr_par ocr_line ocrx_word'/>
</head>
<body>
  <div class='ocr_page' id='page_1' title='image "./thesaurushymnol05danigoog/thesaurushymnol05danigoog_0399.png"; bbox 0 0 2832 4978; ppageno 0'>
   <div class='ocr_carea' id='block_1_1' title="bbox 667 437 713 494">
    <p class='ocr_par' dir='ltr' id='par_1_1' title="bbox 667 437 713 494">
     <span class='ocr_line' id='line_1_1' title="bbox 667 437 713 494; baseline 0 0"><span class='ocrx_word' id='word_1_1' title='bbox 667 437 713 494; x_wconf 82' lang='lat' dir='ltr'><strong>tx</strong></span> 
     </span>
    </p>
   </div>
   <div class='ocr_carea' id='block_1_2' title="bbox 157 584 1330 804">
    <p class='ocr_par' dir='ltr' id='par_1_2' title="bbox 157 584 1330 804">
     <span class='ocr_line' id='line_1_2' title="bbox 160 584 1330 702; baseline -0.004 -20"><span class='ocrx_word' id='word_1_2' title='bbox 160 613 222 682; x_wconf 80' lang='lat' dir='ltr'><strong>tiae</strong></span> <span class='ocrx_word' id='word_1_3' title='bbox 234 607 502 699; x_wconf 75' lang='lat' dir='ltr'><strong>Nousrtqattus</strong></span> <span class='ocrx_word' id='word_1_4' title='bbox 525 606 608 680; x_wconf 84' lang='lat' dir='ltr'><strong>silae</strong></span> <span class='ocrx_word' id='word_1_5' title='bbox 624 604 760 678; x_wconf 83' lang='lat' dir='ltr'><strong>eliorum</strong></span> <span class='ocrx_word' id='word_1_6' title='bbox 782 616 950 700; x_wconf 80' lang='lat' dir='ltr'><strong>postorum</strong></span> <span class='ocrx_word' id='word_1_7' title='bbox 965 603 1126 702; x_wconf 72' lang='lat' dir='ltr'><strong>admixtus</strong></span> <span class='ocrx_word' id='word_1_8' title='bbox 1145 616 1230 678; x_wconf 87' lang='lat' dir='ltr'><strong>sont.</strong></span> <span class='ocrx_word' id='word_1_9' title='bbox 1327 584 1330 590; x_wconf 31' lang='lat'>¹</span> 
     </span>
     <span class='ocr_line' id='line_1_3' title="bbox 157 705 1000 804; baseline -0.008 -20"><span class='ocrx_word' id='word_1_10' title='bbox 157 715 342 804; x_wconf 73' lang='lat' dir='ltr'>Sequuntur</span> <span class='ocrx_word' id='word_1_11' title='bbox 367 710 477 804; x_wconf 72' lang='lat' dir='ltr'><strong>hymni</strong></span> <span class='ocrx_word' id='word_1_12' title='bbox 501 710 625 802; x_wconf 82' lang='lat' dir='ltr'><strong>aliquot</strong></span> <span class='ocrx_word' id='word_1_13' title='bbox 649 719 684 778; x_wconf 89' lang='lat' dir='ltr'><strong>et</strong></span> <span class='ocrx_word' id='word_1_14' title='bbox 708 711 834 780; x_wconf 79' lang='lat' dir='ltr'><strong>centies</strong></span> <span class='ocrx_word' id='word_1_15' title='bbox 859 705 922 799; x_wconf 89' lang='grc' dir='ltr'><strong>(Μ</strong></span> <span class='ocrx_word' id='word_1_16' title='bbox 947 705 1000 788; x_wconf 87' lang='grc'><strong>6.)</strong></span> 
     </span>
    </p>
   </div>
   <div class='ocr_carea' id='block_1_3' title="bbox 145 891 1231 1294">
    <p class='ocr_par' dir='ltr' id='par_1_3' title="bbox 145 891 1231 1294">
     <span class='ocr_line' id='line_1_4' title="bbox 255 891 1231 988; baseline 0 -22"><span class='ocrx_word' id='word_1_17' title='bbox 255 893 340 988; x_wconf 78' lang='lat' dir='ltr'>vll)</span> <span class='ocrx_word' id='word_1_18' title='bbox 364 897 564 966; x_wconf 80' lang='lat' dir='ltr'><strong>Breviorium</strong></span> <span class='ocrx_word' id='word_1_19' title='bbox 593 897 779 966; x_wconf 87' lang='lat' dir='ltr'><strong>Moaasterii</strong></span> <span class='ocrx_word' id='word_1_20' title='bbox 820 893 958 966; x_wconf 83' lang='lat' dir='ltr'><strong>Micbael</strong></span> <span class='ocrx_word' id='word_1_21' title='bbox 971 891 1128 964; x_wconf 87' lang='lat' dir='ltr'><strong>-Burani</strong></span> <span class='ocrx_word' id='word_1_22' title='bbox 1160 895 1231 986; x_wconf 59' lang='grc' dir='ltr'><strong>οη-</strong></span> 
     </span>
     <span class='ocr_line' id='line_1_5' title="bbox 145 995 1231 1090; baseline 0.002 -24"><span class='ocrx_word' id='word_1_23' title='bbox 145 995 237 1074; x_wconf 54' lang='grc' dir='ltr'><strong>κἆὶιιίε</strong></span> <span class='ocrx_word' id='word_1_24' title='bbox 252 1001 287 1068; x_wconf 81' lang='lat' dir='ltr'><strong>S.</strong></span> <span class='ocrx_word' id='word_1_25' title='bbox 303 999 472 1068; x_wconf 77' lang='lat' dir='ltr'><strong>Benedicti</strong></span> <span class='ocrx_word' id='word_1_26' title='bbox 486 1000 684 1068; x_wconf 88' lang='lat' dir='ltr'><strong>Dioeceseos</strong></span> <span class='ocrx_word' id='word_1_27' title='bbox 700 997 955 1090; x_wconf 76' lang='lat' dir='ltr'><strong>Saiisburgensis</strong></span> <span class='ocrx_word' id='word_1_28' title='bbox 968 1019 1052 1066; x_wconf 75' lang='lat' dir='ltr'><strong>saec.</strong></span> <span class='ocrx_word' id='word_1_29' title='bbox 1066 995 1231 1068; x_wconf 80' lang='lat' dir='ltr'><strong>xlt&#39;cum</strong></span> 
     </span>
     <span class='ocr_line' id='line_1_6' title="bbox 156 1093 1230 1196; baseline -0.001 -25"><span class='ocrx_word' id='word_1_30' title='bbox 156 1102 287 1192; x_wconf 81' lang='lat' dir='ltr'><strong>picturis</strong></span> <span class='ocrx_word' id='word_1_31' title='bbox 321 1101 354 1170; x_wconf 87' lang='lat' dir='ltr'><strong>e&#39;t</strong></span> <span class='ocrx_word' id='word_1_32' title='bbox 385 1101 564 1170; x_wconf 71' lang='lat' dir='ltr'><strong>initialibus.</strong></span> <span class='ocrx_word' id='word_1_33' title='bbox 631 1101 702 1177; x_wconf 81' lang='lat' dir='ltr'><strong>(Ex</strong></span> <span class='ocrx_word' id='word_1_34' title='bbox 734 1101 850 1170; x_wconf 85' lang='lat' dir='ltr'><strong>Cimei.</strong></span> <span class='ocrx_word' id='word_1_35' title='bbox 884 1093 961 1196; x_wconf 74' lang='lat'><strong>54.)</strong></span> <span class='ocrx_word' id='word_1_36' title='bbox 1028 1099 1091 1170; x_wconf 81' lang='lat' dir='ltr'><strong>Est</strong></span> <span class='ocrx_word' id='word_1_37' title='bbox 1117 1100 1230 1194; x_wconf 84' lang='lat' dir='ltr'><strong>potius</strong></span> 
     </span>
     <span class='ocr_line' id='line_1_7' title="bbox 158 1197 846 1294; baseline -0.001 -23"><span class='ocrx_word' id='word_1_38' title='bbox 158 1203 323 1272; x_wconf 80' lang='lat' dir='ltr'><strong>Graduoie</strong></span> <span class='ocrx_word' id='word_1_39' title='bbox 348 1203 398 1272; x_wconf 78' lang='lat' dir='ltr'><strong>rei</strong></span> <span class='ocrx_word' id='word_1_40' title='bbox 424 1203 687 1294; x_wconf 77' lang='lat' dir='ltr'><strong>Antiphonarium</strong></span> <span class='ocrx_word' id='word_1_41' title='bbox 712 1203 772 1290; x_wconf 92' lang='grc' dir='ltr'><strong>(Μ.</strong></span> <span class='ocrx_word' id='word_1_42' title='bbox 792 1197 846 1292; x_wconf 81' lang='grc'><strong>7.)</strong></span> 
     </span>
    </p>
   </div>
   <div class='ocr_carea' id='block_1_4' title="bbox 78 1401 1233 1904">
    <p class='ocr_par' dir='ltr' id='par_1_4' title="bbox 78 1401 1233 1904">
     <span class='ocr_line' id='line_1_8' title="bbox 261 1401 1232 1495; baseline 0.003 -19"><span class='ocrx_word' id='word_1_43' title='bbox 261 1401 361 1495; x_wconf 83' lang='lat' dir='ltr'><strong>Vltl)</strong></span> <span class='ocrx_word' id='word_1_44' title='bbox 385 1405 516 1476; x_wconf 80' lang='lat' dir='ltr'><strong>Missaie</strong></span> <span class='ocrx_word' id='word_1_45' title='bbox 553 1403 686 1476; x_wconf 78' lang='lat' dir='ltr'><strong>Ordinis</strong></span> <span class='ocrx_word' id='word_1_46' title='bbox 727 1403 1055 1474; x_wconf 80' lang='lat' dir='ltr'><strong>Prasmonstratensis</strong></span> <span class='ocrx_word' id='word_1_47' title='bbox 1088 1403 1232 1479; x_wconf 81' lang='lat' dir='ltr'><strong>incertae</strong></span> 
     </span>
     <span class='ocr_line' id='line_1_9' title="bbox 160 1507 1231 1598; baseline 0 -22"><span class='ocrx_word' id='word_1_48' title='bbox 160 1509 282 1578; x_wconf 81' lang='lat' dir='ltr'><strong>aetatis.</strong></span> <span class='ocrx_word' id='word_1_49' title='bbox 333 1509 382 1575; x_wconf 84' lang='lat' dir='ltr'><strong>lta</strong></span> <span class='ocrx_word' id='word_1_50' title='bbox 401 1509 582 1598; x_wconf 74' lang='lat' dir='ltr'><strong>catalogos</strong></span> <span class='ocrx_word' id='word_1_51' title='bbox 603 1508 687 1575; x_wconf 88' lang='lat' dir='ltr'><strong>Bibl.</strong></span> <span class='ocrx_word' id='word_1_52' title='bbox 710 1509 850 1596; x_wconf 78' lang='lat' dir='ltr'><strong>Regiae.</strong></span> <span class='ocrx_word' id='word_1_53' title='bbox 898 1509 941 1575; x_wconf 79' lang='lat' dir='ltr'><strong>At</strong></span> <span class='ocrx_word' id='word_1_54' title='bbox 974 1531 1052 1576; x_wconf 82' lang='lat' dir='ltr'><strong>sero</strong></span> <span class='ocrx_word' id='word_1_55' title='bbox 1077 1529 1149 1577; x_wconf 84' lang='lat' dir='ltr'><strong>cum</strong></span> <span class='ocrx_word' id='word_1_56' title='bbox 1176 1507 1231 1579; x_wconf 86' lang='lat' dir='ltr'><strong>ie·</strong></span> 
     </span>
     <span class='ocr_line' id='line_1_10' title="bbox 157 1607 1232 1700; baseline 0.002 -22"><span class='ocrx_word' id='word_1_57' title='bbox 157 1621 207 1682; x_wconf 77' lang='lat' dir='ltr'><strong>siu</strong></span> <span class='ocrx_word' id='word_1_58' title='bbox 237 1611 272 1678; x_wconf 85' lang='lat' dir='ltr'><strong>S.</strong></span> <span class='ocrx_word' id='word_1_59' title='bbox 301 1607 468 1677; x_wconf 75' lang='lat' dir='ltr'><strong>Benedicti</strong></span> <span class='ocrx_word' id='word_1_60' title='bbox 504 1609 547 1676; x_wconf 92' lang='lat' dir='ltr'><strong>uti</strong></span> <span class='ocrx_word' id='word_1_61' title='bbox 581 1609 731 1700; x_wconf 84' lang='lat' dir='ltr'><strong>primaria</strong></span> <span class='ocrx_word' id='word_1_62' title='bbox 763 1609 934 1678; x_wconf 84' lang='lat' dir='ltr'><strong>Communi</strong></span> <span class='ocrx_word' id='word_1_63' title='bbox 968 1611 1159 1678; x_wconf 73' lang='lat' dir='ltr'><strong>Sanctorum</strong></span> <span class='ocrx_word' id='word_1_64' title='bbox 1183 1613 1232 1680; x_wconf 89' lang='lat' dir='ltr'><strong>in·</strong></span> 
     </span>
     <span class='ocr_line' id='line_1_11' title="bbox 158 1709 1233 1804; baseline 0 -24"><span class='ocrx_word' id='word_1_65' title='bbox 158 1712 277 1804; x_wconf 82' lang='lat' dir='ltr'><strong>scripta</strong></span> <span class='ocrx_word' id='word_1_66' title='bbox 302 1711 382 1790; x_wconf 87' lang='lat' dir='ltr'><strong>sint,</strong></span> <span class='ocrx_word' id='word_1_67' title='bbox 410 1735 486 1777; x_wconf 85' lang='lat' dir='ltr'><strong>vero</strong></span> <span class='ocrx_word' id='word_1_68' title='bbox 511 1711 641 1778; x_wconf 86' lang='lat' dir='ltr'><strong>similius</strong></span> <span class='ocrx_word' id='word_1_69' title='bbox 667 1735 738 1778; x_wconf 88' lang='lat' dir='ltr'><strong>esse</strong></span> <span class='ocrx_word' id='word_1_70' title='bbox 763 1711 906 1792; x_wconf 83' lang='lat' dir='ltr'><strong>videtur,</strong></span> <span class='ocrx_word' id='word_1_71' title='bbox 930 1709 1029 1778; x_wconf 83' lang='lat' dir='ltr'><strong>fuisse</strong></span> <span class='ocrx_word' id='word_1_72' title='bbox 1053 1714 1233 1781; x_wconf 80' lang='lat' dir='ltr'><strong>monacho·</strong></span> 
     </span>
     <span class='ocr_line' id='line_1_12' title="bbox 78 1809 1231 1904; baseline 0.003 -25"><span class='ocrx_word' id='word_1_73' title='bbox 78 1897 83 1904; x_wconf 25' lang='grc' dir='ltr'>ι</span> <span class='ocrx_word' id='word_1_74' title='bbox 157 1837 227 1880; x_wconf 86' lang='lat' dir='ltr'><strong>rum</strong></span> <span class='ocrx_word' id='word_1_75' title='bbox 254 1813 289 1880; x_wconf 85' lang='lat' dir='ltr'><strong>S.</strong></span> <span class='ocrx_word' id='word_1_76' title='bbox 314 1809 494 1880; x_wconf 78' lang='lat' dir='ltr'><strong>Benedicti.</strong></span> <span class='ocrx_word' id='word_1_77' title='bbox 552 1811 648 1887; x_wconf 84' lang='lat' dir='ltr'><strong>Quod</strong></span> <span class='ocrx_word' id='word_1_78' title='bbox 679 1813 817 1904; x_wconf 83' lang='lat' dir='ltr'><strong>pertinet</strong></span> <span class='ocrx_word' id='word_1_79' title='bbox 839 1809 881 1878; x_wconf 86' lang='lat' dir='ltr'><strong>od</strong></span> <span class='ocrx_word' id='word_1_80' title='bbox 902 1819 1060 1902; x_wconf 57' lang='lat' dir='ltr'><strong>⁸aetutem,</strong></span> <span class='ocrx_word' id='word_1_81' title='bbox 1093 1813 1231 1903; x_wconf 76' lang='lat' dir='ltr'><strong>adsigno</strong></span> 
     </span>
    </p>
   </div>
   <div class='ocr_carea' id='block_1_5' title="bbox 157 1905 1364 2006">
    <p class='ocr_par' dir='ltr' id='par_1_5' title="bbox 157 1905 1364 2006">
     <span class='ocr_line' id='line_1_13' title="bbox 157 1905 1364 2006; baseline 0.002 -25"><span class='ocrx_word' id='word_1_82' title='bbox 157 1915 272 1984; x_wconf 88' lang='lat' dir='ltr'><strong>librum</strong></span> <span class='ocrx_word' id='word_1_83' title='bbox 294 1937 378 1980; x_wconf 84' lang='lat' dir='ltr'><strong>saec.</strong></span> <span class='ocrx_word' id='word_1_84' title='bbox 405 1914 480 1981; x_wconf 86' lang='lat' dir='ltr'><strong>Xil.</strong></span> <span class='ocrx_word' id='word_1_85' title='bbox 506 1911 742 1980; x_wconf 85' lang='lat' dir='ltr'><strong>Desiderantur</strong></span> <span class='ocrx_word' id='word_1_86' title='bbox 775 1905 858 1980; x_wconf 77' lang='lat' dir='ltr'><strong>eninr</strong></span> <span class='ocrx_word' id='word_1_87' title='bbox 893 1912 974 1979; x_wconf 78' lang='lat' dir='ltr'><strong>feste</strong></span> <span class='ocrx_word' id='word_1_88' title='bbox 1002 1913 1231 2006; x_wconf 83' lang='lat' dir='ltr'><strong>Conceptionis</strong></span> <span class='ocrx_word' id='word_1_89' title='bbox 1321 1951 1322 1956; x_wconf 41' lang='lat'>¹</span> <span class='ocrx_word' id='word_1_90' title='bbox 1355 1923 1364 1942; x_wconf 83' lang='lat'><strong><em>‘</em></strong></span> 
     </span>
    </p>
   </div>
   <div class='ocr_carea' id='block_1_6' title="bbox 157 2013 1313 2410">
    <p class='ocr_par' dir='ltr' id='par_1_6' title="bbox 157 2013 1313 2410">
     <span class='ocr_line' id='line_1_14' title="bbox 157 2013 1232 2095; baseline 0.001 -11"><span class='ocrx_word' id='word_1_91' title='bbox 157 2030 191 2084; x_wconf 82' lang='lat' dir='ltr'><strong>et</strong></span> <span class='ocrx_word' id='word_1_92' title='bbox 220 2017 418 2084; x_wconf 63' lang='lat' dir='ltr'><strong>visitationis</strong></span> <span class='ocrx_word' id='word_1_93' title='bbox 448 2015 588 2095; x_wconf 85' lang='lat' dir='ltr'><strong>Mariae,</strong></span> <span class='ocrx_word' id='word_1_94' title='bbox 621 2017 794 2082; x_wconf 80' lang='lat' dir='ltr'><strong>memoriae</strong></span> <span class='ocrx_word' id='word_1_95' title='bbox 824 2015 859 2082; x_wconf 86' lang='lat' dir='ltr'><strong>S.</strong></span> <span class='ocrx_word' id='word_1_96' title='bbox 887 2013 1054 2082; x_wconf 83' lang='lat' dir='ltr'><strong>Fraoeisei</strong></span> <span class='ocrx_word' id='word_1_97' title='bbox 1082 2028 1115 2084; x_wconf 91' lang='lat' dir='ltr'><strong>et</strong></span> <span class='ocrx_word' id='word_1_98' title='bbox 1140 2017 1232 2085; x_wconf 76' lang='lat' dir='ltr'><strong>&#39;l&#39;ho-</strong></span> 
     </span>
     <span class='ocr_line' id='line_1_15' title="bbox 157 2113 1232 2206; baseline 0.001 -21"><span class='ocrx_word' id='word_1_99' title='bbox 157 2139 230 2185; x_wconf 84' lang='lat' dir='ltr'><strong>mas</strong></span> <span class='ocrx_word' id='word_1_100' title='bbox 252 2117 508 2195; x_wconf 76' lang='lat' dir='ltr'><strong>centuariensis,</strong></span> <span class='ocrx_word' id='word_1_101' title='bbox 542 2139 639 2206; x_wconf 84' lang='lat' dir='ltr'><strong>porro</strong></span> <span class='ocrx_word' id='word_1_102' title='bbox 673 2116 945 2184; x_wconf 76' lang='lat' dir='ltr'><strong>commemoratio</strong></span> <span class='ocrx_word' id='word_1_103' title='bbox 977 2113 1137 2185; x_wconf 86' lang='lat' dir='ltr'><strong>Fidelium</strong></span> <span class='ocrx_word' id='word_1_104' title='bbox 1163 2117 1232 2188; x_wconf 85' lang='lat' dir='ltr'><strong>De-</strong></span> 
     </span>
     <span class='ocr_line' id='line_1_16' title="bbox 160 2215 1313 2309; baseline 0.003 -23"><span class='ocrx_word' id='word_1_105' title='bbox 160 2219 349 2288; x_wconf 81' lang='lat' dir='ltr'><strong>functorom.</strong></span> <span class='ocrx_word' id='word_1_106' title='bbox 402 2219 525 2286; x_wconf 80' lang='lat' dir='ltr'><strong>Carent</strong></span> <span class='ocrx_word' id='word_1_107' title='bbox 553 2217 684 2286; x_wconf 82' lang='lat' dir='ltr'><strong>octavis</strong></span> <span class='ocrx_word' id='word_1_108' title='bbox 710 2219 890 2309; x_wconf 80' lang='lat' dir='ltr'><strong>Assumptio</strong></span> <span class='ocrx_word' id='word_1_109' title='bbox 917 2227 950 2284; x_wconf 79' lang='lat' dir='ltr'><strong>ot</strong></span> <span class='ocrx_word' id='word_1_110' title='bbox 975 2215 1134 2288; x_wconf 79' lang='lat' dir='ltr'><strong>Nativitss</strong></span> <span class='ocrx_word' id='word_1_111' title='bbox 1160 2219 1233 2289; x_wconf 86' lang='lat' dir='ltr'><strong>Ma·</strong></span> <span class='ocrx_word' id='word_1_112' title='bbox 1305 2223 1313 2234; x_wconf 85' lang='lat'><em>&#39;</em></span> 
     </span>
     <span class='ocr_line' id='line_1_17' title="bbox 159 2313 1044 2410; baseline -0.002 -20"><span class='ocrx_word' id='word_1_113' title='bbox 159 2321 229 2390; x_wconf 81' lang='lat' dir='ltr'><strong>riae</strong></span> <span class='ocrx_word' id='word_1_114' title='bbox 252 2330 287 2392; x_wconf 82' lang='lat' dir='ltr'><strong>ei</strong></span> <span class='ocrx_word' id='word_1_115' title='bbox 309 2321 482 2390; x_wconf 79' lang='lat' dir='ltr'><strong>Fertisitns</strong></span> <span class='ocrx_word' id='word_1_116' title='bbox 509 2319 664 2410; x_wconf 37' lang='lat' dir='ltr'><strong>Omnium,</strong></span> <span class='ocrx_word' id='word_1_117' title='bbox 684 2321 876 2390; x_wconf 81' lang='lat' dir='ltr'><strong>Sanctorum</strong></span> <span class='ocrx_word' id='word_1_118' title='bbox 902 2313 966 2408; x_wconf 88' lang='grc' dir='ltr'><strong>(Μ.</strong></span> <span class='ocrx_word' id='word_1_119' title='bbox 991 2317 1044 2407; x_wconf 90' lang='grc'><strong>8.)</strong></span> 
     </span>
    </p>
   </div>
   <div class='ocr_carea' id='block_1_7' title="bbox 263 2497 1233 2590">
    <p class='ocr_par' dir='ltr' id='par_1_7' title="bbox 263 2497 1233 2590">
     <span class='ocr_line' id='line_1_18' title="bbox 263 2497 1233 2590; baseline 0.003 -14"><span class='ocrx_word' id='word_1_120' title='bbox 263 2505 329 2590; x_wconf 75' lang='lat' dir='ltr'><strong>IX)</strong></span> <span class='ocrx_word' id='word_1_121' title='bbox 356 2497 440 2573; x_wconf 82' lang='lat' dir='ltr'><strong>Cori.</strong></span> <span class='ocrx_word' id='word_1_122' title='bbox 468 2505 610 2574; x_wconf 73' lang='lat' dir='ltr'><strong>incertae</strong></span> <span class='ocrx_word' id='word_1_123' title='bbox 641 2507 772 2587; x_wconf 84' lang='lat' dir='ltr'><strong>aetatis,</strong></span> <span class='ocrx_word' id='word_1_124' title='bbox 806 2505 943 2572; x_wconf 79' lang='lat' dir='ltr'><strong>fortasse</strong></span> <span class='ocrx_word' id='word_1_125' title='bbox 972 2523 1057 2572; x_wconf 81' lang='lat' dir='ltr'><strong>saec.</strong></span> <span class='ocrx_word' id='word_1_126' title='bbox 1090 2505 1166 2576; x_wconf 79' lang='grc' dir='ltr'><strong>ΧΠ.</strong></span> <span class='ocrx_word' id='word_1_127' title='bbox 1192 2533 1233 2580; x_wconf 84' lang='lat' dir='ltr'><strong>ex</strong></span> 
     </span>
    </p>
   </div>
   <div class='ocr_carea' id='block_1_8' title="bbox 159 2591 1232 2804">
    <p class='ocr_par' dir='ltr' id='par_1_8' title="bbox 159 2591 1232 2804">
     <span class='ocr_line' id='line_1_19' title="bbox 159 2591 1232 2699; baseline 0.003 -24"><span class='ocrx_word' id='word_1_128' title='bbox 159 2595 301 2676; x_wconf 84' lang='lat' dir='ltr'><strong>dioecesi</strong></span> <span class='ocrx_word' id='word_1_129' title='bbox 326 2609 515 2694; x_wconf 73' lang='lat' dir='ltr'><strong>degustans</strong></span> <span class='ocrx_word' id='word_1_130' title='bbox 542 2615 577 2674; x_wconf 91' lang='lat' dir='ltr'><strong>ut</strong></span> <span class='ocrx_word' id='word_1_131' title='bbox 603 2605 735 2675; x_wconf 86' lang='lat' dir='ltr'><strong>ridetur.</strong></span> <span class='ocrx_word' id='word_1_132' title='bbox 770 2591 932 2699; x_wconf 74' lang='lat' dir='ltr'><strong>&#39;Repperi</strong></span> <span class='ocrx_word' id='word_1_133' title='bbox 957 2607 1083 2678; x_wconf 84' lang='lat' dir='ltr'><strong>cantica</strong></span> <span class='ocrx_word' id='word_1_134' title='bbox 1108 2610 1232 2697; x_wconf 84' lang='lat' dir='ltr'><strong>Gloria,</strong></span> 
     </span>
     <span class='ocr_line' id='line_1_20' title="bbox 159 2701 569 2804; baseline -0.01 -24"><span class='ocrx_word' id='word_1_135' title='bbox 159 2709 293 2780; x_wconf 80' lang='lat' dir='ltr'><strong>Excitet</strong></span> <span class='ocrx_word' id='word_1_136' title='bbox 315 2731 345 2784; x_wconf 87' lang='lat' dir='ltr'><strong>e.</strong></span> <span class='ocrx_word' id='word_1_137' title='bbox 367 2733 397 2778; x_wconf 79' lang='lat' dir='ltr'><strong>a.</strong></span> <span class='ocrx_word' id='word_1_138' title='bbox 423 2705 487 2804; x_wconf 88' lang='grc' dir='ltr'><strong>(Μ.</strong></span> <span class='ocrx_word' id='word_1_139' title='bbox 515 2701 569 2798; x_wconf 85' lang='lat' dir='ltr'><strong>ii.)</strong></span> 
     </span>
    </p>
   </div>
   <div class='ocr_carea' id='block_1_9' title="bbox 76 2891 1235 3280">
    <p class='ocr_par' dir='ltr' id='par_1_9' title="bbox 76 2891 1235 3280">
     <span class='ocr_line' id='line_1_21' title="bbox 217 2891 1232 2984; baseline 0.005 -21"><span class='ocrx_word' id='word_1_140' title='bbox 217 2925 221 2932; x_wconf 92' lang='lat'>·</span> <span class='ocrx_word' id='word_1_141' title='bbox 246 2891 311 2984; x_wconf 70' lang='lat' dir='ltr'><strong>di)</strong></span> <span class='ocrx_word' id='word_1_142' title='bbox 338 2894 421 2964; x_wconf 82' lang='lat' dir='ltr'><strong>Cod.</strong></span> <span class='ocrx_word' id='word_1_143' title='bbox 445 2895 495 2968; x_wconf 76' lang='lat' dir='ltr'><strong>St.</strong></span> <span class='ocrx_word' id='word_1_144' title='bbox 518 2894 714 2967; x_wconf 78' lang='lat' dir='ltr'><strong>Emmersnti</strong></span> <span class='ocrx_word' id='word_1_145' title='bbox 738 2895 783 2961; x_wconf 84' lang='lat' dir='ltr'><strong>G.</strong></span> <span class='ocrx_word' id='word_1_146' title='bbox 798 2895 871 2964; x_wconf 85' lang='lat' dir='ltr'><strong>vlt.</strong></span> <span class='ocrx_word' id='word_1_147' title='bbox 893 2893 1023 2964; x_wconf 81' lang='lat' dir='ltr'><strong>Missais</strong></span> <span class='ocrx_word' id='word_1_148' title='bbox 1047 2917 1131 2967; x_wconf 81' lang='lat' dir='ltr'><strong>saec</strong></span> <span class='ocrx_word' id='word_1_149' title='bbox 1155 2897 1232 2970; x_wconf 82' lang='lat' dir='ltr'><strong>xlt.</strong></span> 
     </span>
     <span class='ocr_line' id='line_1_22' title="bbox 76 2995 1234 3091; baseline 0.004 -26"><span class='ocrx_word' id='word_1_150' title='bbox 76 3065 79 3072; x_wconf 82' lang='grc'>,</span> <span class='ocrx_word' id='word_1_151' title='bbox 165 2999 280 3066; x_wconf 77' lang='grc' dir='ltr'><strong>Οαιιοιι</strong></span> <span class='ocrx_word' id='word_1_152' title='bbox 305 3007 412 3066; x_wconf 82' lang='lat' dir='ltr'><strong>tamen</strong></span> <span class='ocrx_word' id='word_1_153' title='bbox 446 3020 530 3066; x_wconf 82' lang='lat' dir='ltr'><strong>suec</strong></span> <span class='ocrx_word' id='word_1_154' title='bbox 561 2997 633 3066; x_wconf 86' lang='lat' dir='ltr'><strong>XV.</strong></span> <span class='ocrx_word' id='word_1_155' title='bbox 659 2995 868 3088; x_wconf 80' lang='lat' dir='ltr'><strong>conscriptus.</strong></span> <span class='ocrx_word' id='word_1_156' title='bbox 929 2997 1026 3066; x_wconf 82' lang='lat' dir='ltr'><strong>Haec</strong></span> <span class='ocrx_word' id='word_1_157' title='bbox 1054 3001 1234 3091; x_wconf 87' lang='lat' dir='ltr'><strong>suspicatur</strong></span> 
     </span>
     <span class='ocr_line' id='line_1_23' title="bbox 161 3097 1235 3189; baseline 0.006 -23"><span class='ocrx_word' id='word_1_158' title='bbox 161 3100 266 3168; x_wconf 81' lang='lat' dir='ltr'><strong>Grtsi.</strong></span> <span class='ocrx_word' id='word_1_159' title='bbox 299 3097 384 3167; x_wconf 80' lang='lat' dir='ltr'><strong>Bibi.</strong></span> <span class='ocrx_word' id='word_1_160' title='bbox 422 3101 510 3189; x_wconf 79' lang='lat' dir='ltr'><strong>Reg.</strong></span> <span class='ocrx_word' id='word_1_161' title='bbox 549 3101 635 3166; x_wconf 87' lang='lat' dir='ltr'><strong>Puto</strong></span> <span class='ocrx_word' id='word_1_162' title='bbox 670 3112 777 3168; x_wconf 71' lang='lat' dir='ltr'><strong>umen</strong></span> <span class='ocrx_word' id='word_1_163' title='bbox 816 3109 919 3168; x_wconf 70' lang='lat' dir='ltr'><strong>mum</strong></span> <span class='ocrx_word' id='word_1_164' title='bbox 955 3099 1071 3168; x_wconf 80' lang='lat' dir='ltr'><strong>librum</strong></span> <span class='ocrx_word' id='word_1_165' title='bbox 1115 3125 1235 3174; x_wconf 70' lang='lat' dir='ltr'><strong>mara·</strong></span> 
     </span>
     <span class='ocr_line' id='line_1_24' title="bbox 160 3201 1234 3280; baseline 0.006 -12"><span class='ocrx_word' id='word_1_166' title='bbox 160 3211 225 3268; x_wconf 85' lang='lat' dir='ltr'><strong>tom</strong></span> <span class='ocrx_word' id='word_1_167' title='bbox 257 3223 331 3268; x_wconf 87' lang='lat' dir='ltr'><strong>esse</strong></span> <span class='ocrx_word' id='word_1_168' title='bbox 359 3223 444 3268; x_wconf 81' lang='lat' dir='ltr'><strong>saec.</strong></span> <span class='ocrx_word' id='word_1_169' title='bbox 469 3201 574 3280; x_wconf 80' lang='lat' dir='ltr'><strong>xlv..</strong></span> <span class='ocrx_word' id='word_1_170' title='bbox 608 3201 718 3270; x_wconf 86' lang='lat' dir='ltr'><strong>sedem</strong></span> <span class='ocrx_word' id='word_1_171' title='bbox 744 3203 931 3270; x_wconf 84' lang='lat' dir='ltr'><strong>&#39;Romanam</strong></span> <span class='ocrx_word' id='word_1_172' title='bbox 969 3202 1134 3271; x_wconf 86' lang='lat' dir='ltr'><strong>obtinente</strong></span> <span class='ocrx_word' id='word_1_173' title='bbox 1156 3205 1234 3274; x_wconf 79' lang='lat' dir='ltr'><strong>cta-</strong></span> 
     </span>
    </p>
   </div>
   <div class='ocr_carea' id='block_1_10' title="bbox 160 3301 1235 3496">
    <p class='ocr_par' dir='ltr' id='par_1_10' title="bbox 160 3301 1235 3496">
     <span class='ocr_line' id='line_1_25' title="bbox 160 3301 1235 3496; baseline 0.006 -126"><span class='ocrx_word' id='word_1_174' title='bbox 160 3313 391 3496; x_wconf 53' lang='grc' dir='ltr'><strong>ῗίιωῶιοιιόο),</strong></span> <span class='ocrx_word' id='word_1_175' title='bbox 421 3301 511 3408; x_wconf 80' lang='lat' dir='ltr'><strong>cuins</strong></span> <span class='ocrx_word' id='word_1_176' title='bbox 531 3303 565 3370; x_wconf 88' lang='lat' dir='ltr'><strong>in</strong></span> <span class='ocrx_word' id='word_1_177' title='bbox 592 3303 742 3394; x_wconf 83' lang='lat' dir='ltr'><strong>precibus</strong></span> <span class='ocrx_word' id='word_1_178' title='bbox 768 3305 845 3372; x_wconf 87' lang='lat' dir='ltr'><strong>iibri</strong></span> <span class='ocrx_word' id='word_1_179' title='bbox 853 3303 1060 3372; x_wconf 82' lang='lat' dir='ltr'><strong>ecclesiastici</strong></span> <span class='ocrx_word' id='word_1_180' title='bbox 1075 3307 1133 3374; x_wconf 82' lang='lat' dir='ltr'><strong>flat</strong></span> <span class='ocrx_word' id='word_1_181' title='bbox 1144 3327 1235 3376; x_wconf 66' lang='lat' dir='ltr'><strong>menn</strong></span> 
     </span>
     <span class='ocr_line' id='line_1_26' title="bbox 188 3427 365 3473; baseline -0.011 -1"><span class='ocrx_word' id='word_1_182' title='bbox 188 3427 208 3472; x_wconf 92' lang='lat' dir='ltr'><strong>o</strong></span> <span class='ocrx_word' id='word_1_183' title='bbox 282 3455 291 3473; x_wconf 97' lang='lat'><strong>.</strong></span> <span class='ocrx_word' id='word_1_184' title='bbox 358 3453 365 3470; x_wconf 94' lang='lat'><strong>.</strong></span> 
     </span>
    </p>
   </div>
   <div class='ocr_carea' id='block_1_11' title="bbox 160 3589 1236 3780">
    <p class='ocr_par' dir='ltr' id='par_1_11' title="bbox 160 3589 1236 3780">
     <span class='ocr_line' id='line_1_27' title="bbox 198 3589 1236 3672; baseline 0.005 -13"><span class='ocrx_word' id='word_1_185' title='bbox 198 3599 204 3606; x_wconf 78' lang='lat'><em>&#39;</em></span> <span class='ocrx_word' id='word_1_186' title='bbox 258 3591 324 3672; x_wconf 81' lang='lat' dir='ltr'><strong>xl)</strong></span> <span class='ocrx_word' id='word_1_187' title='bbox 349 3590 434 3659; x_wconf 77' lang='lat' dir='ltr'><strong>uod.</strong></span> <span class='ocrx_word' id='word_1_188' title='bbox 455 3593 503 3658; x_wconf 77' lang='lat' dir='ltr'><strong>St</strong></span> <span class='ocrx_word' id='word_1_189' title='bbox 526 3589 722 3658; x_wconf 76' lang='lat' dir='ltr'><strong>Emmerarni</strong></span> <span class='ocrx_word' id='word_1_190' title='bbox 743 3591 763 3658; x_wconf 91' lang='grc' dir='ltr'><strong>Ι.</strong></span> <span class='ocrx_word' id='word_1_191' title='bbox 784 3591 818 3658; x_wconf 79' lang='grc'><strong>5.</strong></span> <span class='ocrx_word' id='word_1_192' title='bbox 840 3613 925 3658; x_wconf 86' lang='lat' dir='ltr'><strong>saec.</strong></span> <span class='ocrx_word' id='word_1_193' title='bbox 951 3591 1026 3660; x_wconf 77' lang='lat' dir='ltr'><strong>xit.</strong></span> <span class='ocrx_word' id='word_1_194' title='bbox 1050 3591 1236 3664; x_wconf 76' lang='lat' dir='ltr'><strong>Occurrunt</strong></span> 
     </span>
     <span class='ocr_line' id='line_1_28' title="bbox 160 3690 1236 3780; baseline 0.001 -20"><span class='ocrx_word' id='word_1_195' title='bbox 160 3690 243 3762; x_wconf 84' lang='lat' dir='ltr'><strong>euim</strong></span> <span class='ocrx_word' id='word_1_196' title='bbox 276 3693 309 3760; x_wconf 92' lang='lat' dir='ltr'><strong>in</strong></span> <span class='ocrx_word' id='word_1_197' title='bbox 346 3695 473 3760; x_wconf 84' lang='lat' dir='ltr'><strong>cantico</strong></span> <span class='ocrx_word' id='word_1_198' title='bbox 513 3692 646 3760; x_wconf 82' lang='lat' dir='ltr'><strong>Excitet</strong></span> <span class='ocrx_word' id='word_1_199' title='bbox 687 3693 815 3760; x_wconf 85' lang='lat' dir='ltr'><strong>nomina</strong></span> <span class='ocrx_word' id='word_1_200' title='bbox 853 3693 988 3760; x_wconf 85' lang='lat' dir='ltr'><strong>Hensici</strong></span> <span class='ocrx_word' id='word_1_201' title='bbox 1024 3695 1236 3780; x_wconf 75' lang='lat' dir='ltr'><strong>imperatoris,</strong></span> 
     </span>
    </p>
   </div>
   <div class='ocr_carea' id='block_1_12' title="bbox 158 3791 1235 3987">
    <p class='ocr_par' dir='ltr' id='par_1_12' title="bbox 158 3791 1235 3987">
     <span class='ocr_line' id='line_1_29' title="bbox 158 3791 1235 3886; baseline 0 -22"><span class='ocrx_word' id='word_1_202' title='bbox 158 3795 293 3864; x_wconf 83' lang='lat' dir='ltr'><strong>Henrici</strong></span> <span class='ocrx_word' id='word_1_203' title='bbox 323 3793 414 3862; x_wconf 88' lang='lat' dir='ltr'><strong>ducis</strong></span> <span class='ocrx_word' id='word_1_204' title='bbox 447 3791 635 3876; x_wconf 83' lang='lat' dir='ltr'><strong>(Borsriae)</strong></span> <span class='ocrx_word' id='word_1_205' title='bbox 662 3793 816 3864; x_wconf 62' lang='lat' dir='ltr'><strong>nonnisi</strong></span> <span class='ocrx_word' id='word_1_206' title='bbox 847 3794 991 3886; x_wconf 81' lang='lat' dir='ltr'><strong>episcopi</strong></span> <span class='ocrx_word' id='word_1_207' title='bbox 1019 3793 1235 3866; x_wconf 85' lang='lat' dir='ltr'><strong>Ratisbonen-</strong></span> 
     </span>
     <span class='ocr_line' id='line_1_30' title="bbox 161 3888 965 3987; baseline -0.002 -23"><span class='ocrx_word' id='word_1_208' title='bbox 161 3896 212 3967; x_wconf 89' lang='lat' dir='ltr'><strong>sis.</strong></span> <span class='ocrx_word' id='word_1_209' title='bbox 238 3897 351 3964; x_wconf 85' lang='lat' dir='ltr'><strong>insuat</strong></span> <span class='ocrx_word' id='word_1_210' title='bbox 375 3897 554 3987; x_wconf 82' lang='lat' dir='ltr'><strong>permultas</strong></span> <span class='ocrx_word' id='word_1_211' title='bbox 581 3889 778 3987; x_wconf 86' lang='lat' dir='ltr'><strong>Sequentioe</strong></span> <span class='ocrx_word' id='word_1_212' title='bbox 800 3892 863 3986; x_wconf 93' lang='grc' dir='ltr'><strong>(Μ.</strong></span> <span class='ocrx_word' id='word_1_213' title='bbox 891 3888 965 3984; x_wconf 92' lang='grc'><strong>11.)</strong></span> 
     </span>
    </p>
   </div>
   <div class='ocr_carea' id='block_1_13' title="bbox 162 4055 1236 4276">
    <p class='ocr_par' dir='ltr' id='par_1_13' title="bbox 162 4055 1236 4276">
     <span class='ocr_line' id='line_1_31' title="bbox 245 4055 1236 4173; baseline 0.009 -24"><span class='ocrx_word' id='word_1_214' title='bbox 245 4077 350 4170; x_wconf 67' lang='lat' dir='ltr'><strong>(xpp)</strong></span> <span class='ocrx_word' id='word_1_215' title='bbox 385 4081 551 4150; x_wconf 84' lang='lat' dir='ltr'><strong>Gradnsis</strong></span> <span class='ocrx_word' id='word_1_216' title='bbox 589 4093 622 4151; x_wconf 89' lang='lat' dir='ltr'><strong>et</strong></span> <span class='ocrx_word' id='word_1_217' title='bbox 665 4055 928 4173; x_wconf 78' lang='lat' dir='ltr'><strong>Antiphonsriom</strong></span> <span class='ocrx_word' id='word_1_218' title='bbox 967 4089 1007 4152; x_wconf 79' lang='lat' dir='ltr'><strong>&#39;es</strong></span> <span class='ocrx_word' id='word_1_219' title='bbox 1040 4087 1236 4158; x_wconf 85' lang='lat' dir='ltr'><strong>monasterio</strong></span> 
     </span>
     <span class='ocr_line' id='line_1_32' title="bbox 162 4182 936 4276; baseline 0 -20"><span class='ocrx_word' id='word_1_220' title='bbox 162 4182 440 4276; x_wconf 72' lang='lat' dir='ltr'><strong>Bbsrsbesgensi,</strong></span> <span class='ocrx_word' id='word_1_221' title='bbox 466 4185 612 4256; x_wconf 79' lang='lat' dir='ltr'><strong>incertae</strong></span> <span class='ocrx_word' id='word_1_222' title='bbox 639 4187 752 4258; x_wconf 85' lang='lat' dir='ltr'><strong>aetatis</strong></span> <span class='ocrx_word' id='word_1_223' title='bbox 777 4187 841 4272; x_wconf 91' lang='grc' dir='ltr'><strong>(Μ.</strong></span> <span class='ocrx_word' id='word_1_224' title='bbox 866 4185 936 4272; x_wconf 76' lang='lat'><strong>12.)</strong></span> 
     </span>
    </p>
   </div>
   <div class='ocr_carea' id='block_1_14' title="bbox 0 0 1427 4978">
    <p class='ocr_par' dir='ltr' id='par_1_14' title="bbox 0 0 1427 4978">
     <span class='ocr_line' id='line_1_33' title="bbox 0 0 1427 4978; baseline 0 0"><span class='ocrx_word' id='word_1_225' title='bbox 0 0 1427 4978; x_wconf 95' lang='lat' dir='ltr'><strong> </strong></span> 
     </span>
    </p>
   </div>
  </div>
 </body>
</html>
