2836 4976
248 419 291 472 Vl

252 589 327 658 lessi
367 597 448 656 sunt.
530 587 661 654 Illorum
698 587 836 655 virorum
879 587 931 654 alii
971 585 1044 654 tnlis
1079 586 1185 676 operis
1227 581 1294 675 quusi

222 693 229 706 ⁵
253 692 355 778 prima
369 691 560 756 lineamenta
578 687 761 777 describere
778 699 1006 779 susceperunt,
1026 688 1078 754 alii
1092 689 1133 780 nd
1148 689 1241 777 ipsum
1254 687 1296 774 ty·

252 815 396 862 mnorum
435 791 654 858 collectionem
685 791 834 884 aggressi
871 802 972 868 sunt3‘
1001 789 1086 878 quod
1115 813 1186 857 cnm
1216 789 1297 880 prino

235 895 392 962 ·initio·n
416 917 489 960 meo
517 917 569 960 me
600 895 764 984 proposito
791 915 962 984 parumper
994 892 1218 971 deterruisset,
1236 899 1299 981 ¹prul

253 1011 358 1065 tamen
387 995 589 1063 incitamento
623 996 698 1064 milri
721 1008 810 1074 erut,
855 1008 890 1061 ut
925 1017 991 1060 rem
1022 994 1120 1061 semel
1135 1005 1300 1085 'susceptam

108 1169 112 1181 ,
252 1111 342 1167 tuoto
367 1097 471 1166 ncrios
495 1081 659 1169 su'ooes
682 1095 862 1192 permees
881 1096 1052 1165 studerem.

349 1200 445 1276 Quod
463 1211 569 1266 nutem
592 1223 689 1290 saepe
710 1222 841 1266 numero
860 1198 992 1270 accidit,
1019 1209 1054 1264 ut
1077 1196 1197 1286 siquid
1218 1197 1304 1263 elon·

252 1303 374 1392 ginquo
397 1314 602 1391 conspectum
641 1301 729 1369 initio
755 1301 876 1368 incerto
903 1300 1027 1390 species
1058 1300 1175 1366 nebula
1203 1321 1239 1366 nc
1260 1319 1305 1364 nu

253 1405 345 1471 bibus
379 1393 522 1471 involuta
550 1403 710 1484 ridentur,
750 1402 819 1494 ipso
856 1412 961 1470 nutem
991 1403 1038 1468 rei
1071 1402 1172 1469 lormn
1203 1399 1307 1491 pnullt-

252 1508 308 1576 tim
332 1505 500 1596 perspicue
521 1519 687 1585 cernetur,
725 1504 808 1572 idern
830 1505 862 1572 in
884 1505 1059 1572 litterarum
1082 1506 1177 1592 qussi
1207 1523 1306 1592 comm

251 1631 311 1678 usu
326 1607 433 1676 uenire
448 1607 539 1676 solet
589 1607 698 1684 Quare
718 1607 759 1674 nb
778 1608 866 1676 initio
880 1629 978 1674 curse
998 1617 1068 1696 erut
1088 1607 1211 1695 operio,
1234 1601 1308 1694 qood
1340 1648 1341 1651 κ

251 1710 478 1800 suscepissem,
502 1721 648 1789 notorem
669 1731 871 1799 cognoscere
898 1707 1029 1797 utquid
1051 1707 1187 1776 efficere
1210 1708 1309 1775 vellen

250 1825 282 1880 et
321 1811 399 1902 quid
432 1835 586 1902 sequerer
614 1814 697 1882 beno
724 1821 928 1904 perspectum
960 1809 1124 1878 hateem.
1179 1809 1309 1878 Primum

249 1913 333 1982 onim
361 1915 537 1984 carendum
567 1925 637 1984 erut
671 1939 713 1984 no
744 1914 867 1984 humeri
901 1911 962 1980 mei
993 1935 1073 2002 opus
1103 1913 1247 1980 subirent
1269 1909 1311 1980 cni

248 2013 382 2093 ferendo
400 2039 495 2105 pnres
514 2040 577 2084 non
597 2026 723 2096 omont,
748 2039 829 2082 nere
847 2014 935 2082 solus
956 2013 1099 2082 laborem
1116 2016 1309 2106 susciperent,
1356 2007 1358 2036 ³

249 2139 344 2206 quem
381 2118 440 2184 nisi
470 2117 647 2184 coniunctis
679 2117 849 2186 multorum
885 2115 1002 2184 viribus
1037 2139 1131 2182 neruo
1166 2117 1312 2185 sustinere

249 2229 367 2308 posset.
420 2217 547 2286 Deinde
589 2241 695 2288 mecm
734 2227 820 2298 erut,
859 2239 971 2286 eorum
999 2219 1051 2306 qui
1080 2219 1112 2286 in
1140 2217 1190 2286 his
1227 2219 1314 2286 reios

248 2319 377 2388 condidi
395 2319 517 2388 iudices
539 2332 662 2399 essent,
688 2320 820 2389 oonsilio
842 2319 930 2388 nullo
952 2343 1016 2388 non
1042 2330 1188 2409 tempore
1216 2319 1315 2410 sequi:

248 2421 334 2510 qood
366 2421 503 2490 studium
528 2435 562 2491 nt
587 2423 662 2492 mttt
682 2423 851 2513 plurimum
871 2433 903 2490 et
928 2421 1148 2492 delectationis
1176 2433 1211 2490 et
1239 2422 1317 2490 utili-

248 2523 322 2592 tntis
345 2524 464 2605 attulit,
492 2525 537 2596 ito
560 2526 656 2594 bilem
679 2525 754 2594 mihi
768 2535 936 2594 moverunt
949 2523 1108 2594 hominum
1124 2523 1318 2613 qrrornndnrn

170 2645 173 2657 “
249 2623 490 2694 intumuerunt
510 2627 726 2718 imperitorum
745 2649 847 2696 ronne
860 2626 1034 2717 opiniones.
1082 2626 1233 2716 Denique
1250 2627 1319 2716 quis

175 2769 179 2776 ·
248 2738 300 2797 ost
329 2726 382 2815 qui
415 2727 562 2816 ignoret,
599 2753 694 2820 quom
719 2730 819 2800 multo
849 2730 880 2796 in
910 2728 966 2796 tnli
996 2750 1096 2818 opere
1131 2727 1319 2819 peragendo

250 2842 314 2896 non
334 2852 374 2896 ex
395 2831 466 2898 solo
487 2833 627 2900 ductoris
640 2833 817 2912 voluntate,
842 2829 1011 2900 sedetiam
1032 2853 1051 2897 e
1073 2831 1170 2898 rebus
1182 2831 1318 2900 externis

248 2931 419 3022 pendeant.
471 2932 564 3008 Quae
585 2955 657 3002 cum
679 2933 725 3002 itu
752 2945 875 3012 essent,
898 2953 939 2998 ne
967 2933 999 2999 io
1019 2933 1210 3002 immensum
1234 2957 1319 3002 cnm-

123 3113 127 3120 ·
249 3057 324 3123 pum
353 3033 584 3102 exoumendum
621 3035 712 3102 nobis
740 3045 826 3102 esset
852 3045 948 3123 etque
977 3043 1012 3102 ut
1046 3036 1212 3102 materiem
1245 3059 1320 3126 pne·

191 3209 196 3216 ,
249 3159 291 3202 ne
312 3135 464 3204 inlinitum
491 3137 586 3204 certis
599 3135 786 3226 quibusdam
814 3135 956 3204 terminis
976 3137 1320 3219 circumscriberemns,

249 3237 334 3327 opud
351 3237 487 3306 animum
506 3250 647 3306 nostrum
664 3238 901 3315 constituimus,
916 3260 974 3306 eos
987 3240 1193 3327 tontum,·qui
1207 3241 1239 3308 in
1253 3239 1320 3308 cul·

249 3351 447 3408 tumsncrum
456 3341 504 3406 rel
518 3339 679 3430 quondam
686 3337 819 3408 ndlnilriti
828 3350 936 3406 essent
944 3337 994 3404 rel
1001 3333 1320 3410 etiamnuncadhile-

248 3453 359 3510 rentur
376 3441 499 3531 eligere
513 3442 664 3532 hymnos,
685 3441 814 3532 quodsi
833 3441 942 3529 inquo
964 3437 1094 3508 dubium
1117 3453 1220 3523 esset,
1248 3467 1320 3512 enm

248 3543 401 3612 certiores
425 3544 563 3612 rationes
599 3545 701 3612 secuti
727 3545 872 3636 recipere
898 3564 991 3632 quom
1025 3544 1172 3614 omittere
1207 3545 1319 3616 molui-

248 3667 327 3712 mun.
374 3645 435 3714 Alii
449 3645 558 3735 hymni
574 3657 638 3716 tom
663 3648 792 3739 egregii
811 3655 845 3716 ct
864 3645 1009 3713 omnibus
1037 3648 1178 3714 numeris
1192 3659 1226 3715 ot
1245 3669 1319 3738 par·

247 3745 333 3815 titus
344 3747 480 3816 absoluti
496 3747 702 3830 videbantur,
718 3761 818 3818 uteon
835 3749 982 3838 recipere
998 3747 1074 3814 nihil
1090 3745 1318 3820 dubitaremus.

247 3847 390 3916 Alterum
406 3851 572 3920 terminum
584 3875 655 3922 euro
665 3852 756 3920 nobis
768 3845 1098 3936 constituimunquod
1113 3847 1144 3914 in
1158 3851 1318 3940 eligendis

83 3904 91 3973 Ἰ
228 3946 373 4038 tymnts
406 3953 566 4022 soeculum
589 3953 661 4022 XV.
691 3976 754 4022 non
776 3951 1007 4042 egrediendum
1032 3950 1175 4020 arbitrali
1198 3975 1318 4023 sumti&

247 4050 333 4120 Nam
354 4051 414 4120 etsi
441 4067 557 4142 postne
586 4055 744 4124 ecclesiae
767 4054 937 4126 Romanum
965 4054 1060 4122 etism
1088 4061 1162 4143 post
1178 4049 1319 4128 Luthcri

247 4161 387 4222 aetatem
408 4209 410 4214 .
428 4153 527 4222 multo
553 4177 656 4244 osque
689 4154 857 4248 praeclara
884 4157 1086 4236 cecinerunt,
1133 4177 1174 4224 on
1207 4165 1316 4226 tornm

247 4255 371 4339 omnin,
407 4277 505 4350 qonnr
544 4255 660 4330 direrd
695 4255 826 4352 macta
861 4256 941 4342 sint,
985 4257 1143 4332 noluimus
1160 4267 1163 4272 ’
1181 4279 1316 4332 nemrot

1004 4566 1018 4610 1
1155 4555 1157 4560 ,
