2762 4976
730 433 790 512 ro
911 457 959 474 ··

223 611 262 674 in
288 622 456 694 tempore
483 611 653 676 nootloa
682 613 758 676 telo
787 610 946 694 perfidi,
981 635 1103 694 uirorum
1138 607 1292 675 'rorlroruur

107 725 153 789 'r
220 695 364 760 sententia
391 698 546 760 manifesta
566 706 619 759 ost.
662 699 843 780 eraruquam
869 698 973 779 reliqui
998 700 1060 760 lere
1087 717 1188 760 omnes
1210 697 1294 760 exhi·

221 781 290 842 deut
310 779 436 844 lrostis
464 801 519 863 ego
542 801 656 862 quoque
678 782 761 846 illarn
785 779 960 860 scripturam
986 783 1144 862 genuinam
1173 791 1293 861 putore·

221 865 289 929 rino.
311 865 361 929 W.
384 867 413 929 l.
443 865 493 930 Cs.
516 885 584 946 prro
612 866 676 929 diu
700 867 819 930 simus
839 867 1020 932 advenae.
1072 866 1125 931 24.
1146 865 1184 930 D.
1205 866 1227 928 2
1249 867 1293 929 ri·

222 948 296 1012 tioso
316 968 336 1014 a
356 949 435 1013 tolo
457 949 616 1032 providi.
1145 961 1149 968 '

677 1249 835 1318 LXXIII.

475 1391 622 1473 Hyromos
648 1393 691 1456 de
716 1388 872 1456 Auum
898 1387 1041 1454 Domini.
1145 1373 1148 1379 ⁵

403 1526 479 1579 Libr.
499 1539 555 1580 ret.
948 1527 1027 1578 Brer.
1046 1526 1124 1576 Rom·

218 1613 286 1676 Vox
307 1611 475 1684 claretoue
495 1609 625 1689 intonat,
780 1609 828 1672 En
849 1609 931 1672 elara
953 1629 1012 1672 uox
1033 1605 1181 1686 redarguit

219 1699 352 1762 Obscura
371 1714 501 1777 quaeque
514 1695 660 1777 increpate
781 1695 914 1756 Obscura
928 1711 1058 1774 quaeque
1073 1710 1250 1772 personans,
1288 1739 1291 1746 .

216 1781 369 1844 Pellantur
388 1781 501 1844 eminus
521 1782 636 1843 somnia
780 1779 887 1842 Procul
907 1779 1045 1858 lugentur
1064 1775 1179 1852 somnia

216 1867 264 1930 Alo
272 1866 389 1928 aethere
399 1863 534 1929 Glrristus
548 1865 699 1945 promicat.
779 1865 825 1927 Ab
846 1863 905 1926 alto
926 1863 1008 1924 lesus
1029 1860 1180 1942 promicat.
1277 1923 1282 1929 ,

217 2017 307 2099 Meus
327 2033 387 2096 iarn
406 2043 542 2115 resurgat
563 2031 678 2112 torpida
707 2034 728 2097 5
779 2029 866 2094 Mens
887 2029 946 2092 ium
967 2037 1102 2109 resurgat
1119 2026 1250 2108 torpida,
1300 2031 1304 2042 '

77 2127 83 2133 '
218 2119 302 2196 Quae
324 2119 409 2180 sorde
430 2128 526 2180 exstat
548 2118 663 2195 sarreia,
778 2115 845 2176 Nou
866 2113 992 2194 atriplius
1015 2115 1111 2175 iaoeus
1133 2112 1230 2174 lurni:

216 2202 306 2263 Sidus
329 2201 456 2282 refulget
477 2202 535 2262 iarn
556 2219 664 2262 norum
778 2197 866 2260 Sidus
888 2199 1014 2278 refulget
1035 2197 1095 2260 iam
1115 2217 1223 2259 norum

215 2285 257 2349 lJt
275 2283 358 2346 tollat
379 2305 464 2348 omne
480 2283 612 2348 noxium.
775 2281 817 2344 Ut
837 2281 920 2344 tollat
941 2302 1026 2345 omna
1049 2283 1183 2346 noxium.
1291 2281 1295 2362 ᾗ

214 2452 242 2516 Ε
264 2471 381 2515 sumum
401 2470 497 2534 agnus
518 2449 657 2532 mittitur,
775 2450 823 2514 Eu
842 2468 938 2532 agnus
958 2449 995 2512 ad
1016 2470 1071 2512 nos
1091 2448 1214 2514 mittitur

213 2536 333 2601 Laxare
354 2537 449 2599 omnis
467 2535 597 2598 debiturn
685 2533 727 2601 10
774 2536 893 2598 Laxare
914 2534 1007 2616 gratis
1028 2534 1172 2596 delitum:

215 2621 325 2686 Omnes
346 2641 399 2702 pro
420 2619 602 2703 indulgentia
777 2621 887 2682 Omnes
908 2620 997 2682 simul
1018 2640 1085 2682 eum
1106 2617 1236 2690 laerimis

213 2704 323 2772 locem
342 2707 444 2769 domus
465 2725 531 2768 oum
544 2703 684 2770 laorimis.
775 2705 932 2768 Prooemur
951 2701 1172 2784 indulgentiam.

212 2871 347 2936 Secundo
368 2881 400 2937 ut
420 2893 487 2937 eum
508 2869 624 2938 fulserit
775 2872 815 2936 Ut
833 2893 900 2936 eunt
919 2871 1044 2936 seeundo
1066 2867 1183 2934 irriserit

212 2955 411 3037 Maudumque
431 2959 537 3020 lrorror
559 2957 683 3022 cinxerit
774 2957 913 3038 Metaque
934 2956 1073 3018 mundum
1091 2951 1219 3017 uinxerit

210 3039 279 3103 Nou
300 3061 353 3120 pro
367 3051 457 3103 'reatu
478 3043 580 3124 pruriat
684 3047 724 3108 15
774 3042 841 3106 Non
862 3062 915 3124 pro
936 3050 1018 3102 reatu
1039 3037 1141 3122 puniat

211 3124 681 3210 &mmmmm
774 3124 1245 3208 fflmfflmwm

774 3295 891 3375 Virtus,
904 3295 1013 3374 honor,
1026 3291 1107 3372 laus,
1122 3289 1220 3374 gloria
1230 3301 1285 3357 eto.

233 3509 239 3514 .
296 3459 330 3522 ln
351 3459 484 3524 Adventu
512 3461 549 3522 ad
576 3461 709 3544 Laudes,
737 3465 800 3527 lero
829 3463 946 3545 utiquo.
993 3463 1024 3526 ld
1053 3463 1142 3526 uelim
1169 3462 1200 3525 iu
1229 3463 1285 3526 hoo

211 3545 340 3609 oariuine
362 3565 398 3606 ne
420 3543 646 3626 praetermittas,
674 3558 789 3630 poetam
811 3547 919 3630 optimo
947 3548 978 3611 in
999 3568 1086 3611 usum
1106 3567 1193 3612 suom
1214 3567 1285 3609 oon·

209 3630 334 3694 vertisse
355 3628 507 3710 pericopas
531 3631 691 3710 soriptnrae
712 3653 814 3697 saurae
835 3632 990 3698 dominicis
1015 3631 1116 3696 diolrus
1145 3641 1174 3694 et
1199 3632 1285 3695 lesti-

209 3715 257 3778 ris
277 3715 309 3777 iu
330 3713 453 3777 eeclesia
473 3712 618 3780 recitatas.
631 3716 776 3782 Conleras
796 3737 825 3782 r.
849 3719 958 3782 3-o,
971 3737 1036 3780 oum
1058 3717 1181 3799 epistola
1195 3716 1284 3781 Dour.

208 3799 284 3865 aar.
306 3801 335 3863 l.
355 3799 443 3863 Rom.
464 3797 553 3876 Xlll,
576 3803 626 3865 ll.
648 3823 693 3884 sq.
714 3823 743 3867 ι.
765 3803 915 3867 13-16,
943 3823 1010 3865 oum
1030 3800 1283 3884 Evangel'llom.

208 3883 246 3946 ll.
273 3883 343 3967 (rel
368 3883 400 3945 iu
426 3884 561 3947 Romana
587 3885 737 3965 Euolesia,
772 3897 804 3950 at
835 3887 922 3950 leodio
956 3895 1000 3950 ost
1027 3886 1073 3969 l.)
1099 3889 1173 3951 Luo.
1200 3885 1282 3964 XXI,

130 4041 132 4048 y
208 3966 263 4029 25.
283 3985 362 4046 opp:
381 3966 496 4030 initium
515 3967 637 4049 deniquo
666 3990 732 4033 uum
758 3970 812 4034 illa
832 3973 984 4052 pericopa,
1012 3989 1085 4052 quae
1113 3971 1145 4034 in
1166 3969 1283 4035 Lectio·

208 4049 292 4115 nario
314 4051 509 4114 vetustissimo
531 4053 666 4118 tribuitur
685 4054 803 4119 Damio.
824 4055 875 4120 tv.
896 4057 990 4119 Maro.
1012 4057 1039 4135 l,
1068 4057 1098 4120 l.
1120 4076 1166 4136 sq.
1189 4089 1230 4104 -
1252 4055 1283 4118 l.

209 4133 333 4196 loannes
387 4134 474 4196 etiam
513 4145 598 4218 atque
640 4139 728 4202 etiam
766 4137 893 4203 iuouleat
932 4140 1138 4223 poeniteutiam
1177 4147 1206 4204 et
1236 4137 1282 4200 iu·

210 4226 310 4299 erepat
337 4217 533 4282 omniaritia
551 4231 638 4302 atquo
659 4233 785 4304 morata.
827 4225 859 4290 3.
878 4225 931 4289 Bd.
952 4225 1095 4306 prooul.
1137 4221 1169 4289 4.
1195 4221 1282 4286 Cass.

209 4303 318 4366 aaut.
344 4303 389 4366 alr
416 4303 558 4370 aotlrre.
600 4309 632 4370 ὁ.
659 4307 695 4372 Ε.
724 4308 804 4374 Mon.
833 4309 982 4372 turbida
1006 4309 1061 4372 Pd.
1088 4317 1281 4390 resurget.
