2762 4976
594 447 686 522 181

89 623 126 708 [o
144 645 219 693 trux
241 637 305 689 sse
331 643 412 706 spes
433 622 522 684 unies
578 625 621 690 25
669 625 788 688 Oemx
808 643 864 688 ase
886 645 954 706 spes
974 627 1061 690 unies

91 711 141 774 llos
159 711 319 793 passionis
344 721 503 788 tompore,
667 710 732 772 llos
753 711 899 790 passionis
926 719 1071 793 tempore,

95 798 166 877 tngo
185 797 246 877 piis
268 795 431 858 iustitium
667 793 730 856 Piis
751 796 865 876 adaugo
885 796 1011 876 gratiam

96 881 209 962 hasque
231 883 315 944 dona
338 877 478 942 ueniam.
668 878 796 960 Reisqne
818 881 882 942 elsle
902 881 1036 947 erimina.

104 1048 141 1110 'le
160 1065 271 1110 summa
292 1045 383 1108 Dorus
406 1042 542 1105 Trinitas
669 1047 714 1108 'I'e
736 1049 803 1110 lons
825 1045 928 1108 saltatis
949 1047 1081 1114 Trinitas
1135 1055 1178 1117 25

109 1131 244 1194 collaudet
264 1130 366 1192 omnis
387 1127 527 1209 spiritum,
575 1131 618 1196 30
669 1131 821 1194 collaudet
843 1131 937 1194 omnis
958 1133 1096 1218 spiritus,

110 1221 178 1293 Quos
197 1237 247 1297 per
271 1215 374 1278 erucis
394 1213 567 1294 mysterium
668 1217 781 1292 Quibus
803 1215 897 1278 erucis
919 1215 1070 1280 uictoriam

111 1301 222 1379 basus,
241 1321 314 1381 rege
337 1319 394 1381 per
416 1297 560 1383 saecula]
667 1299 801 1382 Largiris
822 1301 894 1362 nouo
915 1303 1089 1382 praemium.

551 1453 731 1465 n————

183 1568 374 1631 Praeclaram
397 1566 476 1647 qououl
496 1567 582 1628 moto
603 1565 789 1630 exhibuimus
810 1586 927 1629 onumen
945 1569 1179 1650 frequentissimo

110 1675 159 1716 oss
178 1655 206 1716 in
226 1652 354 1714 eeclesia
375 1663 421 1714 est
443 1653 637 1714 honestatum.
683 1650 824 1712 Cauututur
845 1673 864 1714 a
884 1653 1038 1717 Dominiea
1058 1651 1198 1722 Passio-⁴

109 1739 150 1798 nis
169 1741 202 1800 ai
223 1738 331 1800 feriam
352 1756 446 1816 nsque
469 1746 601 1815 qnantum
623 1737 742 1798 maioris
761 1738 948 1798 hebdomadis
966 1739 1001 1798 ael
1023 1739 1179 1822 vesperas.

107 1823 190 1884 Porro
208 1825 332 1902 oligunrn
355 1822 487 1882 habitum
510 1831 554 1880 est
575 1823 649 1900 quuod
672 1823 849 1882 intonaretur
871 1823 944 1883 leria
964 1833 1050 1885 sexta
1070 1827 1099 1886 iu
1120 1830 1179 1891 Pa-

108 1925 220 1970 mseene
237 1909 306 1968 oum
329 1906 412 1967 lieret
430 1903 578 1984 processio
600 1907 636 1966 no
657 1905 769 1982 loetum,
792 1905 954 1986 ubi.pridis
969 1921 1181 1975 saeramentuuu

105 1991 256 2072 repositum
286 1993 398 2052 iuerat:
431 1989 505 2050 adue
531 1989 754 2052 sollemnitatem
784 1990 913 2069 eorporis
940 1989 1049 2052 Christi
1079 1997 1179 2060 eooleuu

107 2077 227 2138 carmine
249 2097 316 2136 enm
338 2075 431 2136 tribus
454 2073 523 2134 aliis
544 2073 573 2134 in
602 2073 838 2154 splendidissima
858 2094 965 2155 pompa
985 2079 1112 2140 esueuelo
1135 2084 1181 2144 in-

105 2161 224 2242 siguem.
267 2161 427 2221 Praeterea
449 2158 598 2237 proprium
622 2169 666 2220 est
694 2159 898 2222 festivitatibus
926 2173 1044 2222 sanetas
1072 2167 1181 2230 erruoiss

104 2247 301 2328 leuiqueeuru
323 2243 375 2305 illo
399 2243 475 2324 qnoel
498 2243 627 2323 sequitur
650 2243 817 2324 plerumque
840 2241 944 2306 inillis
964 2245 1179 2316 celebritatibus

106 2341 247 2410 cantatur,
270 2330 379 2410 quibus¹
398 2327 536 2408 singulas
551 2327 690 2389 eeclesiae
708 2327 876 2390 memoriam
893 2325 1001 2392 Christi
1022 2353 1075 2412 pro
1096 2336 1181 2402 uobis

106 2417 234 2478 smsitixi
256 2423 427 2477 reverenter
449 2412 545 2474 solent
566 2411 694 2476 recolere
708 2411 756 2496 i).
778 2447 819 2460 -
841 2413 1094 2496 interpretationes
1112 2440 1182 2502 ger·

169 2714 200 2782 ⁸)
219 2716 248 2767 ln
267 2715 345 2767 libris
367 2714 518 2783 liturgicis,
537 2715 584 2782 qui
609 2717 674 2768 milri
693 2697 936 2780 arimannorum,
956 2718 1047 2788 plures
1072 2703 1180 2792 repperi

109 2781 262 2838 festivitates
295 2803 411 2852 quorum
444 2783 519 2851 sputi
551 2785 876 2858 srehseologoshnuontio
900 2785 931 2837 iit
961 2787 1017 2838 iere
1046 2789 1118 2841 nullo
1144 2793 1181 2859 l)

112 2851 242 2904 festum
261 2853 464 2920 Sanguinis
485 2851 504 2900 i.
525 2847 571 2914 C.‚
595 2855 647 2904 iano
667 2869 729 2906 ante
749 2873 773 2904 s.
795 2856 861 2906 1500
884 2857 984 2923 passim
1008 2857 1182 2914 celebratum.

112 2918 183 2971 lires.
198 2919 238 2972 Ei.
252 2923 333 2991 ponit
346 2921 456 2971 xxvi.
474 2919 575 2972 Martii.
611 2921 696 2992 Apud
712 2921 778 2973 alios
787 2959 795 2986 ,
809 2942 833 2974 o.
849 2943 874 2992 g.
894 2927 920 2974 iu
940 2923 1060 2978 dominio
1075 2927 1181 2982 Veneto

115 3005 179 3039 nuno
195 2991 309 3042 habetur
330 3007 384 3040 una
404 3007 439 3040 ex
458 2988 533 3039 feriis
552 2991 634 3040 ssxtis
652 2991 744 3041 illst-tii
764 2991 807 3042 vol
826 3004 854 3042 ut
880 2995 907 3044 in
928 2993 1035 3044 [tineosi
1054 2995 1182 3052 Lineensi

116 3054 173 3108 ieris
186 3060 216 3108 ll.
230 3070 293 3128 post
307 3059 466 3108 Trinitatis.
483 3055 526 3120 ΙΙ)
546 3055 684 3109 Festum
704 3059 851 3112 lsnesse
870 3071 903 3111 et
926 3061 1106 3114 clauorum
1128 3067 1184 3118 vsi

119 3141 275 3178 armornm
294 3127 329 3178 ei.
349 3127 469 3193 Augusti
489 3125 608 3176 Dsnluw.
628 3129 687 3190 lll.,
707 3147 734 3198 p.
754 3127 813 3182 296.
847 3131 938 3180 Posuit
962 3133 1003 3180 sir
1021 3131 1115 3183 doetus
1134 3153 1183 3203 pro

118 3191 157 3243 dis
177 3193 234 3246 festi
256 3197 336 3246 XVl.
362 3195 480 3262 Aprilis.
522 3193 653 3262 Equidem
677 3197 785 3248 invenio
806 3197 876 3266 apud
897 3209 1014 3249 uetustos
1036 3211 1063 3249 st
1086 3220 1185 3254 ressu-

118 3261 189 3312 tiorss
212 3265 254 3315 uel
273 3265 452 3316 Dominicam
471 3263 614 3313 seeundum
635 3275 695 3334 post
714 3267 812 3318 Pascha
833 3267 874 3318 uel
893 3265 984 3316 ioniam
1003 3279 1104 3320 sextum
1123 3283 1186 3339 post

120 3325 365 3400 Qnssimodogeniti.
410 3331 468 3395 lii)
496 3329 633 3382 Fsstum
658 3349 834 3384 sacrorum
868 3338 1025 3404 quinque
1056 3338 1186 3406 plago-

119 3412 181 3450 Νη
205 3405 243 3452 iu¹
259 3401 338 3454 domo
362 3401 476 3452 Veneto
501 3401 591 3448 ststiuu
621 3411 683 3468 post
707 3400 834 3453 Oetussm
860 3405 980 3471 eorporis
1012 3401 1125 3468 Christi,
1156 3407 1185 3458 in

120 3463 221 3520 diossmi
246 3471 378 3524 Liusensi
401 3469 472 3518 ieris
499 3467 545 3516 vt.
564 3479 625 3535 post
644 3471 756 3522 cineres.
799 3469 858 3536 Ν)
879 3471 1049 3522 Festums
1083 3475 1185 3526 ineas

120 3549 256 3592 eoronss
274 3539 319 3592 uei
342 3535 490 3590 Corona
504 3535 662 3601 Domini,
680 3541 708 3589 iu
724 3537 829 3590 nolenti.
845 3539 1079 3602 llslherstselsnsr,
1098 3541 1186 3592 Num..

120 3597 230 3671 burgensi
250 3619 277 3660 st
302 3617 414 3658 ustuusto
441 3603 518 3656 brev.
543 3605 664 3658 Praedic.
692 3609 738 3658 tv.
758 3609 841 3666 Maii,
865 3611 892 3656 iu
918 3609 1062 3658 recentiori
1088 3601 1185 3662 Prned.

119 3667 171 3722 ΠΙ.
184 3675 261 3738 binii,
279 3679 308 3726 iu
323 3674 463 3726 Misnensi
480 3673 512 3720 ll.
527 3671 633 3741 Septbr.
643 3711 651 3738 ‚
669 3677 697 3726 in
711 3677 760 3742 Lg.
775 3687 802 3725 et
816 3674 859 3726 (ἂι.
874 3677 923 3725 ΧΙ.
939 3677 1029 3743 Aug*
1049 3677 1115 3727 Tra
1126 3695 1187 3728 ns-

118 3735 194 3794 iano
206 3743 319 3797 Conon
329 3763 343 3794 s
354 3761 380 3794 e.
408 3737 570 3796 lmCslend.
591 3743 734 3795 Lincensi:
755 3761 806 3792 uuo
821 3761 853 3792 ex
864 3743 938 3793 seriis
952 3741 1193 3810 quadragesimas..

120 3803 159 3874 V)
174 3811 306 3866 Festum
327 3807 449 3862 isciei
470 3809 664 3862 saluatoris
683 3813 710 3862 in
726 3811 887 3864 Calsndurio
907 3811 1037 3860 lilionensi
1057 3811 1101 3862 die
1120 3815 1197 3866 XV.'

23 3906 33 3933 p
116 3873 225 3934 lonusrr'i.
266 3880 330 3946 Vl)
356 3879 502 3931 Festum
529 3877 708 3930 Passionis
735 3879 881 3930 Domini
914 3879 942 3926 iu
967 3877 1061 3929 eodem
1085 3879 1187 3934 Colon-

30 3978 35 3993 .
116 3941 180 4000 deno
201 3953 244 4003 dis
277 3951 347 4002 XV.
377 3943 557 3998 Novembris.
590 3971 623 3986 -
649 3949 742 4015 Neque
768 3943 840 3996 uliud
866 3945 931 4014 quid
956 3947 1007 3996 nisi
1032 3953 1186 4005 rrunmorism

115 4010 199 4070 (botru
224 4019 350 4074 crucifixi
385 4014 490 4066 recolit
505 4013 583 4080 ,vtt)
615 4015 752 4066 Festum
783 4016 1007 4066 sanctissimi
1036 4017 1188 4070 lisdem-

112 4091 214 4150 ptoris
238 4089 315 4157 qnod
335 4085 502 4137 oslsbrstur
526 4085 552 4132 in
578 4084 706 4136 llominio
733 4087 838 4134 Veneto
860 4087 936 4133 tertio
962 4083 1105 4138 Ilominieu
1131 4091 1190 4141 iulii

112 4168 161 4204 esur
175 4155 283 4209 Octavo.
324 4154 422 4208 Coti:
446 4151 525 4200 Dorus
543 4156 587 4218 qul
609 4155 773 4220 unigenitam
794 4165 867 4204 tuum
881 4151 1077 4219 redemptorem
1095 4158 1189 4210 meandi

111 4228 278 4290 εοῃηῑιηῑῃὶ,
301 4237 330 4277 es
350 4213 407 4293 μετ’
428 4235 492 4268 snm
511 4215 616 4270 ‹lovintu
637 4233 721 4273 morte
742 4239 791 4272 nos
815 4219 1024 4272 nuiserieorditer
1049 4223 1082 4273 uel
1108 4227 1190 4278 sitnm

105 4299 243 4418 &liliis
262 4290 413 4416 ⁰⁰:⁰52?
430 4285 554 4406 0¹32,th
571 4287 904 4426 lillibitllitn
915 4287 1191 4428 ‘librislilris

245 4385 295 4418 ser
314 4384 329 4414 r
1178 4387 1194 4401 ·

135 4431 242 4488 Dsursr.
261 4435 355 4518 Thss·
379 4427 497 4495 Hymfl·
521 4419 543 4473 Ῑ·
944 4425 981 4486 ll
1007 4441 1021 4454 ⁸
1072 4435 1075 4446 '
