2836 4976
225 617 362 688 'offendit
383 614 514 692 animos,
536 608 610 693 quod
632 607 689 674 SS.
710 602 844 670 Trinitas
872 622 932 667 nne
957 609 1070 666 ιιιιιιιιιι
1088 601 1245 666 testivitate
1267 623 1318 670 ee·

161 711 164 714 ’
241 704 366 786 demqtie
393 701 471 764 lrnud
499 695 608 779 duplici
635 693 747 777 primae
779 689 1100 754 classiscelebraretnr
1121 707 1215 768 ucqrro
1242 691 1315 753 testo

169 785 172 793 ¹
245 799 364 874 propter
391 785 468 848 diem
495 780 626 864 corporis
660 778 771 842 Christi
799 793 939 839 concesse
965 783 1042 836 essct
1070 773 1180 836 Octavo
1208 775 1317 856 (exce-

244 876 303 959 ptis
338 863 486 947 ecclesiis,
522 887 596 948 quae
625 865 659 928 S.
685 861 823 925 Triuiteti
850 861 998 922 dedicatae
1026 861 1124 942 scut).
1171 859 1238 920 ldeo
1265 859 1318 922 tri·

245 981 283 1022 no
313 955 427 1022 numini
454 955 517 1015 dics
544 953 635 1014 festos
664 968 766 1010 reeens
793 946 964 1008 constitutos
992 943 1170 1007 dedicarunt.
1220 943 1316 1007 Veluti

246 1045 276 1106 iu
310 1042 434 1104 ecclesio
468 1033 709 1101 Helberstadeusi
744 1053 783 1094 ex
820 1031 997 1094 institutione
1029 1027 1177 1092 Fretlerici
1213 1029 1319 1094 Hekcn

168 1189 175 1196 .
245 1127 404 1212 praepositi
431 1133 497 1206 post
527 1122 652 1185 Oetaeae
681 1117 864 1200 Epiphaniae
892 1123 1023 1177 cantetur
1048 1113 1084 1173 de
1112 1115 1144 1176 S.
1174 1113 1318 1176 'I'riuitute

247 1215 303 1276 ritu
333 1207 531 1290 semiduplicir
561 1205 593 1266 iu
619 1203 688 1269 eliis
710 1201 891 1264 dioecesibus
915 1200 1017 1261 ultima
1038 1207 1103 1278 post
1130 1200 1318 1263 Pentecosten

247 1297 392 1360 douriuicu
405 1306 449 1356 eet
468 1309 616 1354 summum
628 1289 734 1351 testum
748 1285 914 1349 Trinitatis.
947 1283 1098 1348 ‘Omnibus
1126 1303 1196 1345 rere
1217 1283 1319 1346 diebus

157 1437 161 1449 .
246 1382 329 1446 iestis
357 1379 509 1442 adhibetur
544 1377 686 1458 luyrnuust
724 1374 749 1437 0
778 1371 847 1434 lux
873 1373 1001 1448 beato,
1036 1377 1068 1432 ιιι
1096 1367 1152 1434 SS.
1181 1369 1319 1434 Triuitcti

246 1524 527 1546 ρι--ι-Δι--ι-ι-ι-ι

232 1613 329 1668 ‘semel
352 1613 502 1666 celebraret
525 1619 588 1681 post
614 1611 845 1663 consecrationem
869 1607 990 1662 diuinum
1020 1618 1117 1658 terrene
1141 1605 1170 1656 in
1195 1603 1319 1656 manibus

248 1684 403 1746 domiuum,
422 1679 536 1750 protulit
553 1681 620 1746 haec
637 1680 736 1744 rerba,
755 1679 864 1732 dicens:
885 1675 908 1728 Ο
927 1677 1036 1728 domine
1055 1677 1113 1727 lesu
1129 1673 1250 1738 Οιιιίιιιι,Ι
1270 1693 1321 1726 nec

247 1763 275 1804 ta
292 1754 427 1802 dimittam
445 1767 495 1800 nec
512 1761 539 1800 te
557 1749 655 1802 leuabo
678 1751 730 1800 nisi
754 1749 828 1816 prius
854 1745 970 1810 dixeris,
990 1763 1059 1814 quae
1085 1755 1147 1810 ¹suut
1172 1742 1322 1814 placidiora
1360 1777 1367 1790 .

239 1821 308 1879 sibi,
345 1819 396 1890 Qui
412 1817 514 1870 erudivit
528 1836 623 1869 rocem
635 1817 770 1870 dicentem
787 1817 855 1868 sibi:
875 1817 987 1878 Decem,
1000 1815 1104 1882 inquit,
1123 1812 1237 1866 Alberte
1252 1830 1321 1880 quas

248 1901 310 1941 ιιιιιι
329 1889 480 1959 placidiora
498 1888 563 1936 mihi
584 1899 610 1938 et
628 1886 814 1938 tibi‘utilioro.
850 1887 997 1940 Primum
1017 1893 1056 1933 est
1076 1881 1139 1934 dere
1157 1883 1184 1934 iu
1205 1893 1249 1931 tue
1267 1883 1322 1935 rita

247 1976 308 2010 cunr
322 1957 436 2010 sanitate
458 1964 539 2006 unu'rn
559 1945 731 2008 dederi'orum
744 1971 794 2022 pro
810 1971 900 2005 amore
920 1954 987 2017 urei,
1004 1951 1065 2019 plus
1086 1961 1126 2002 est
1138 1951 1202 2001 mihi
1216 1961 1322 2018 gratum

248 2037 275 2080 et
292 2027 343 2077 tibi
362 2027 470 2088 utilius,
492 2042 572 2091 quant
597 2028 619 2075 oi
638 2025 750 2074 haberes
769 2039 854 2073 unum
878 2033 996 2073 montem
1018 2037 1127 2072 aureum
1146 2021 1322 2086 attingentem

248 2113 263 2146 a
288 2106 358 2145 terra
385 2111 469 2161 usque
494 2092 529 2142 ad
558 2093 649 2144 coelos
676 2103 703 2143 et
727 2087 885 2161 disponeres
914 2095 973 2140 ebur
999 2088 1063 2142 dare
1086 2089 1253 2158 pauperibus
1272 2103 1322 2155 pro

247 2180 339 2214 amore
360 2164 412 2212 mei
433 2172 494 2230 post
512 2171 625 2212 inertem
643 2171 732 2211 tuam:
753 2157 948 2210 Secundum
968 2169 1024 2209 est:
1051 2177 1103 2208 uns
1124 2157 1181 2212 sols
1199 2155 1322 2219 lucrinus,

249 2230 456 2281 admemoriam
482 2231 615 2300 pensionis
634 2246 710 2278 meac
729 2239 755 2279 et
774 2246 824 2296 pro
849 2228 967 2302 peccatis
992 2227 1045 2276 tuis
1070 2221 1155 2280 effusa
1173 2225 1238 2276 milri
1260 2225 1322 2294 plus

248 2299 339 2368 placet
358 2309 383 2349 et
402 2297 451 2346 tilri
472 2299 565 2347 utilior
584 2307 638 2362 est,
663 2313 744 2364 quam
762 2297 784 2346 si
804 2296 925 2366 plorares
944 2313 993 2363 pro
1006 2295 1199 2364 temporalibus
1218 2303 1339 2348 tautum.

249 2369 318 2418 sicut
338 2377 464 2432 estoque
482 2367 562 2414 ureris
580 2365 624 2416 uel
644 2367 666 2415 si
686 2375 748 2434 post
765 2375 878 2416 mortem
893 2376 966 2414 tuaru
987 2364 1091 2415 alveum
1104 2365 1180 2432 quasi
1194 2362 1323 2414 balneum

151 2445 156 2452 '
248 2435 354 2488 levares
373 2433 407 2486 de
425 2434 541 2486 lacrimis
560 2451 610 2501 pro
629 2430 740 2486 offensis
759 2452 808 2504 pro
828 2445 864 2486 te.
899 2434 1078 2484 Tertiu'mr
1098 2445 1324 2485 estuuurarer·

250 2505 313 2556 buur
332 2505 490 2564 iniuriosum
510 2501 559 2552 tibi
585 2504 748 2554 contrarium
774 2501 981 2554 admemoriam
1004 2519 1090 2553 meam
1115 2504 1170 2572 pati
1195 2501 1257 2572 plus
1281 2510 1325 2553 eet

248 2575 314 2624 urilri
327 2584 431 2641 gratum
447 2583 474 2622 et
491 2571 541 2620 tibi
562 2573 653 2622 utilius
676 2590 755 2641 quam
774 2571 848 2641 quod
866 2588 1113 2641 rumperes.orrrues
1134 2572 1218 2636 virgus
1237 2567 1325 2619 silva-

248 2660 308 2690 rum
327 2659 408 2710 super
425 2639 534 2690 dorsum
558 2643 633 2690 t'uum
651 2651 677 2691 te
698 2639 910 2710 disciplinando.
946 2637 1111 2710 Quartum
1130 2650 1187 2690 est:
1212 2635 1325 2704 vigilare

249 2710 277 2760 iir
298 2709 466 2761 orationibus
486 2719 513 2758 et
532 2708 650 2776 gaudere
672 2711 701 2758 iu
720 2723 763 2762 rn'e
784 2721 811 2761 et
827 2708 941 2760 sullorre
959 2708 1007 2757 tibi
1030 2707 1063 2759 de
1081 2725 1176 2759 somno
1196 2706 1324 2774 aliquan-

249 2779 335 2828 tulum
355 2777 390 2828 ob
411 2779 567 2828 ureutcrr'am
586 2779 722 2836 urciwnrilri
740 2779 801 2846 plus
825 2789 929 2846 gratum
954 2787 995 2828 est
1019 2787 1045 2828 et
1063 2777 1114 2828 tibi
1132 2773 1224 2828 utilius
1243 2791 1327 2843 quattu

252 2847 325 2913 quod
346 2846 447 2898 habeus
465 2847 526 2898 Xll.
546 2847 646 2898 milites
665 2859 759 2898 contra
777 2847 925 2898 Saracenos
950 2847 997 2912 qui
1022 2857 1171 2914 pugnarent
1196 2862 1257 2894 cum
1285 2846 1325 2896 eie

253 2915 377 2966 omnibus
397 2913 491 2964 diebus
509 2916 581 2964 ritae
599 2931 662 2964 suae
682 2933 822 2982 quousque
840 2915 945 2966 virores
962 2915 992 2965 iu
1013 2913 1123 2966 urrrudo.
1158 2909 1326 2984 Quintum

252 2993 307 3034 est:
335 2979 448 3031 infirmis
474 2983 591 3049 compati
617 2993 644 3033 et
670 2983 796 3050 colligere
813 2983 962 3053 peregrinis
992 2981 1027 3034 ob
1047 3001 1166 3034 aurorem
1185 2982 1238 3033 mei
1262 2979 1326 3049 plus

251 3052 318 3101 milri
336 3061 441 3117 gratum
461 3059 545 3099 estet
566 3049 616 3099 tibi
635 3050 742 3114 utilius,
771 3069 851 3119 quarn
878 3053 901 3102 oi
919 3053 1053 3102 ieiunares
1070 3053 1099 3102 iu
1121 3067 1188 3120 aque
1208 3060 1235 3100 et
1251 3065 1327 3118 pane

251 3119 303 3170 xL
325 3120 410 3168 arinis,
451 3115 591 3168 Sextum
616 3129 673 3170 est:
704 3117 839 3170 abstinere
864 3138 879 3170 a
904 3117 1072 3172 detractioue
1096 3119 1230 3190 proximi,
1260 3119 1326 3186 plue

250 3198 353 3255 pratum
379 3195 433 3249 est,
464 3203 544 3253 quarn
572 3187 594 3237 si
619 3187 747 3239 transires
774 3187 853 3244 nudis
871 3187 987 3256 pedibus
1006 3204 1089 3258 usquo
1109 3187 1142 3240 ad
1160 3183 1327 3238 effusionem

155 3271 165 3290 ι
250 3256 398 3321 saugrtiuis.
433 3253 624 3320 Septimum
639 3265 696 3307 este
713 3267 742 3306 ιιι
757 3274 771 3307 ιι
784 3268 810 3308 te
823 3257 934 3310 abiicios
948 3276 1028 3310 omuc
1042 3255 1225 3318 ruendacium,
1242 3255 1329 3323 quic-

250 3325 317 3394 quid
340 3322 415 3375 audis
435 3322 476 3374 rel
498 3321 573 3372 rides
593 3335 721 3375 conuerte
739 3327 769 3376 iu
787 3326 897 3392 melius,
920 3339 947 3378 et
965 3328 1016 3380 boc
1034 3328 1098 3378 milri
1120 3325 1181 3392 plue
1201 3335 1242 3376 est
1259 3341 1329 3390 gra·-

251 3405 306 3442 tom
326 3403 352 3444 et
371 3392 419 3440 tibi
442 3391 549 3454 rutilius,
577 3409 656 3458 quarn
675 3395 699 3444 si
718 3394 877 3448 ascenderes
896 3414 944 3462 per
962 3393 1220 3462 contemplationem
1237 3409 1330 3461 usque

252 3459 534 3518 sollertiumcoelum.
562 3455 802 3516 Octavumeett
824 3483 887 3530 pro
908 3473 1018 3516 temet
1034 3459 1329 3530 ipsedeprecare

251 3542 286 3580 ut
306 3541 363 3578 tua
384 3527 769 3595 poccatatliruittamet
788 3533 1020 3600 tibigretiam
1039 3527 1329 3593 infundam,lroc

250 3597 330 3666 plus
358 3595 516 3671 estpnrilri
542 3609 676 3664 gratum
702 3611 734 3650 et
766 3601 833 3652 tibi
864 3601 1008 3664 utilius,
1038 3618 1137 3666 quam
1162 3597 1191 3648 si
1215 3610 1331 3652 errator

251 3684 322 3718 mea
341 3675 373 3718 et
393 3680 507 3716 omnes
526 3668 659 3731 suncti,
682 3670 740 3735 qui
761 3670 905 3722 iuerrrnt
930 3670 970 3722 ab
989 3669 1096 3720 initio
1120 3665 1237 3716 usundi
1264 3685 1357 3720 ιιι--

251 3753 317 3803 qua
343 3731 518 3786 odmundi
540 3731 649 3785 sineru
669 3756 735 3808 pro
760 3750 792 3790 te
813 3749 968 3790 orarent.
1005 3737 1154 3786 Nonum:
1179 3733 1255 3801 quod
1272 3737 1330 3788 h·-

251 3803 317 3856 beus
342 3821 436 3876 opem¹
449 3815 475 3853 et
492 3799 618 3856 fiduciam
637 3802 740 3856 firmam
758 3809 787 3856 iu
805 3807 864 3858 solo
883 3807 943 3858 Deo
962 3805 1068 3870 scurper
1086 3811 1113 3852 ot
1130 3801 1248 3870 ubique,
1273 3805 1329 3860 lios

252 3875 317 3922 milri
336 3875 422 3924 corius
448 3881 503 3934 est,
533 3891 613 3938 quam
638 3876 661 3924 si
685 3877 798 3940 erigeres
826 3891 906 3924 urrunnu
937 3872 1089 3922 columnam
1112 3871 1292 3940 attingentem
1314 3891 1330 3924 a

251 3951 321 3992 terra
341 3959 424 4008 usque
443 3939 476 3990 ad
495 3941 598 3992 coelum
619 3944 752 4002 urttniteur,
766 3941 861 4009 gladiis
881 3943 965 3990 ocutis
992 3949 1017 3990 et
1038 3957 1095 3990 aaut
1119 3939 1208 3992 nutlus
1227 3957 1329 3996 asceu-

252 4007 344 4069 dares,
364 4026 460 4076 corpus
479 4019 552 4060 ‘tuum
571 4009 677 4062 lanians
702 4021 728 4060 et
753 4013 910 4076 sanguinem
934 4005 1086 4060 effundens.
1125 4009 1328 4065 Daciarum

252 4077 465 4128 consolationem
486 4095 592 4126 omnem
612 4090 744 4130 terrenam
765 4077 905 4146 despicere
930 4086 965 4128 et'
981 4077 1009 4126 iu
1033 4077 1093 4130 solo
1110 4077 1171 4130 Deo
1195 4097 1329 4146 quaerere

252 4145 482 4206 consolationem,
507 4143 558 4196 boc
581 4147 645 4196 milri
670 4147 732 4216 plus
761 4158 800 4198 est
823 4156 925 4213 gretttm
951 4157 978 4195 et
996 4145 1046 4196 tibi
1065 4145 1170 4212 utilius,
1197 4166 1278 4215 quam
1303 4149 1327 4200 si

252 4213 389 4264 laborares
412 4213 530 4280 propriis
557 4215 678 4264 manibus
709 4227 830 4277 tantuna,
856 4213 928 4282 quod
950 4213 1053 4276 prinde
1080 4213 1205 4267 reficeres
1230 4235 1327 4270 omncs

253 4297 385 4350 pauperes
404 4279 481 4328 lunius
500 4278 603 4334 ruundi.
640 4283 700 4336 lloc
713 4283 771 4350 iac,
791 4282 861 4336 dixit
877 4281 997 4338 Christus
1004 4323 1012 4352 ,
1032 4296 1060 4338 st
1077 4287 1150 4338 virae
1169 4285 1198 4338 in
1216 4285 1328 4340 tuscula

252 4347 429 4402 saeculorum.
464 4345 564 4400 Amen.
666 4401 669 4406 ,
708 4397 710 4402 .
