2864 4974
729 473 825 550 leo
893 539 897 547 ,
925 465 930 474 ’

692 661 853 762 ειμι.

567 806 622 870 Dc
649 805 709 873 SS.
740 801 979 871 innocentibus.

309 931 337 992 1.
378 927 458 990 Lana
479 924 548 1004 titi,
571 923 704 1003 Christe,
766 937 773 954 “

310 1029 340 1092 2.
364 1028 439 1091 .Ουί
460 1027 536 1109 sapit
558 1027 631 1108 quod
654 1027 766 1090 videtur
787 1025 891 1090 ceteris
912 1043 976 1086 esso
998 1024 1193 1087 surdastruru=
1239 1025 1246 1044 '

287 1205 289 1210 ,
308 1129 339 1194 3.
380 1129 538 1194 Famuiatu
556 1127 639 1194 cuins
661 1130 756 1192 omnis
777 1127 913 1210 competit
930 1148 1020 1192 sonus
1041 1135 1070 1190 et
1089 1135 1179 1190 aetas.

308 1231 338 1294 4.
381 1231 525 1294 Recentes
538 1231 735 1312 atquc-teneri
758 1229 882 1312 milites,
900 1229 1065 1292 Herodiano
1078 1247 1145 1290 ense
1167 1223 1311 1304 trucidati,

248 1324 275 1378 te
295 1315 380 1380 hodia
402 1317 649 1396 praedicaverunt.

208 1491 214 1500 ἱ
309 1421 340 1482 5.
383 1416 466 1480 Licet
491 1417 612 1478 necdum
639 1425 791 1498 potuerunt
819 1415 949 1497 lingula,
984 1414 1123 1480 olinsioue
1158 1421 1256 1475 umen
1282 1419 1308 1471 to

248 1499 367 1596 Christo
385 1501 431 1564 sni
452 1501 605 1583 sanguinis
627 1501 794 1582 praeconati
814 1513 891 1565 snnt.

312 1603 343 1668 ti.
384 1603 446 1664 Leo
467 1621 533 1664 cnm
554 1623 657 1666 cruore
677 1604 829 1668 fundentes
849 1604 887 1664 acl
907 1602 1003 1664 Deum
1024 1597 1214 1662 clamitatnrir

311 1703 342 1766 7.
385 1701 450 1765 Uda
472 1703 575 1784 pupilli
594 1725 679 1786 quom
701 1723 778 1785 gena
798 1704 917 1767 miserat
936 1713 964 1766 et
983 1699 1152 1764 innocentis.

309 1807 340 1870 8.
384 1802 459 1882 Quis
480 1804 656 1868 athletarum
677 1805 854 1870 fortissimus
875 1823 1001 1889 nuquam
1015 1801 1189 1866 exercitibus
1203 1807 1309 1862 urtam

222 1888 366 1956 ·Girristc
388 1889 451 1952 suia
473 1889 593 1951 contulit
613 1891 781 1972 uictoriam,

131 2043 136 2057 .
216 1997 224 2004 ’
313 1993 346 2054 9.
386 1989 532 2068 Quantam
544 1990 667 2071 ragiens
689 1993 836 2056 coaevulis
856 1991 915 2054 tuis
935 2001 966 2054 tu
987 1987 1174 2072 praestitisti,
1196 1985 1310 2049 mittens

167 2133 180 2147 „
253 2095 303 2138 eos
326 2075 405 2136 cocio
426 2085 600 2153 regnaturos
622 2077 774 2158 perpetim.

292 2175 343 2242 10.
385 2175 410 2242 Ο
432 2173 543 2239 Christi
571 2196 729 2257 praecones
751 2177 824 2242 clari
845 2177 988 2256 floresque
1009 2182 1169 2256 martyrum
1190 2171 1309 2250 corusci,

294 2277 346 2340 11.
388 2277 427 2339 Et
448 2275 658 2342 Coniossorum
679 2279 810 2360 insignes
831 2278 994 2359 gemmulae
1015 2285 1197 2355 sanctorum,

296 2378 346 2442 12.
387 2366 481 2458 Atque
502 2379 645 2457 sterilium
666 2379 698 2442 in
718 2383 823 2444 munio
844 2377 1007 2460 uirginum:

294 2478 345 2543 13.
386 2477 468 2542 Ciari
487 2479 570 2544 filioli
578 2526 592 2558 ,
611 2481 711 2545 ciuicas
731 2481 856 2565 pusioli,
877 2499 931 2544 nus
951 2479 1050 2543 iurcte
1072 2479 1223 2560 precibuse

213 2657 216 2671 Ι
297 2581 347 2644 14.
389 2580 471 2658 Qnus
493 2579 627 2646 Christus
663 2584 844 2648 innocentem
865 2589 986 2646 mortem
1008 2589 1134 2644 vestram
1150 2579 1293 2644 miserant

297 2684 346 2745 15.
389 2679 447 2742 Pro
469 2701 534 2745 seso
555 2693 745 2764 maturatam,
767 2684 898 2766 placidus
919 2681 1078 2747 exaudiens

295 2784 346 2848 16.
387 2781 450 2845 Nos
471 2803 562 2866 regno
589 2807 643 2850 suo
671 2786 815 2868 dignetur.

708 2939 864 2954 -ῇ-

340 3033 483 3098 conseras
504 3056 570 3100 cum
591 3039 647 3102 hoc
668 3038 812 3118 carmine,
832 3038 863 3101 iu
878 3038 1049 3120 quibusdem
1068 3039 1248 3104 solummoio
1269 3057 1314 3102 eo·

257 3115 353 3182 elesiis
373 3117 402 3179 in
425 3119 565 3184 honorem
586 3122 642 3189 SS.
663 3125 847 3187 innocentum
869 3125 1004 3206 recitato,
1031 3124 1219 3207 Sequentiam
1245 3125 1315 3186 Not·

257 3204 339 3266 lteri:
358 3205 457 3266 Laus
479 3203 551 3266 tibi
573 3205 724 3272 Christo
746 3209 870 3290 patris
900 3209 996 3292 (Vl.):
1022 3229 1091 3274 nam
1118 3211 1194 3274 itanc
1215 3211 1313 3270 crebro

257 3289 330 3372 peric
359 3287 452 3369 tetigit
479 3295 577 3372 poita.
603 3327 646 3340 —-
680 3297 710 3361 5.
739 3291 803 3357 Col.
829 3315 901 3358 non
929 3291 1133 3376 potuerint.
1187 3291 1315 3356 Collecta

187 3417 189 3432 .
259 3372 414 3436 ecciesiae:
441 3385 511 3436 Deua
539 3391 611 3440 onina
637 3391 761 3442 hodierna
786 3393 828 3443 die
847 3391 1011 3461 praeconium
1030 3394 1172 3442 innocenter
1195 3407 1314 3463 πεπήγει

259 3487 309 3519 non
332 3467 453 3535 loquendo
476 3467 521 3516 ted
546 3473 673 3524 moriendo
704 3472 815 3542 eorrsessc'
842 3487 910 3525 oront.
954 3463 983 3527 6.
1013 3463 1076 3530 Md.
1095 3463 1315 3530 olstmiiiive·

234 3549 355 3623 „runo
411 3538 441 3601 9.
471 3537 525 3600 nd.
554 3544 643 3610 Torr.
673 3556 849 3626 quantum
876 3579 918 3592 -
947 3547 1062 3612 coeio.
1118 3551 1168 3612 11.
1194 3553 1315 3632 August

257 3623 361 3687 Sermo
381 3625 416 3684 tle
428 3623 524 3685 111110οι
557 3639 609 3700 Qui
631 3640 686 3688 iure
702 3641 821 3692 &cuntur
833 3639 913 3711 flores
937 3660 997 3706 qnos
1013 3643 1041 3692 in
1059 3645 1140 3694 medr'c
1151 3641 1259 3716 J'r‘t'gurc
1273 3649 1314 3697 in-

256 3709 396 3791 ficielirorie
416 3723 516 3830 ἓκοηορ
534 3711 602 3763 velut
618 3715 717 3780 prinmo
734 3715 885 3784 erumpentia
895 3714 1015 3767 ecclesiae
1029 3734 1148 3788 genumao
1161 3725 1314 3788 pertractio-

259 3799 298 3828 nta
313 3797 399 3848 pruma
435 3789 527 3830 occani.

340 4062 363 4089 ι,
412 4019 578 4090 CLXVII.
621 4029 665 4092 Ire
695 4029 927 4094 iiamlctr‘oae
952 4031 988 4096 S.
1012 4033 1171 4102 Martini.

341 4160 402 4223 Nos
423 4163 490 4226 unii
514 4173 563 4228 tna
584 4165 659 4230 festa
680 4167 807 4228 ooicutes
827 4185 924 4232 auuna
945 4173 1051 4236 mundo
1073 4173 1198 4239 celebria
1218 4185 1271 4243 cto.

715 4315 861 4332 Ἡ
