2832 4978
237 582 366 670 quelqties
384 595 472 650 villes.
507 595 632 651 D'sbord
648 597 790 686 paraiasait
809 579 843 651 uis
863 601 943 666 jeuna
962 599 1068 655 homme
1093 598 1108 652 t
1127 599 1221 654 moititl
1239 619 1276 654 nu

238 687 305 722 avee
319 668 366 720 des
381 668 446 719 ailes
465 685 499 718 au
513 666 577 732 dos,
596 667 615 718 il
633 669 739 722 recitsit
756 668 848 720 l'Ave
867 669 993 733 Maria,
1017 669 1032 721 ti
1051 687 1103 725 une
1122 671 1201 736 jaune
1218 669 1277 727 fille

223 741 287 806 ¹qni
306 737 346 788 lui
365 733 510 806 repoodait
528 737 608 802 liat,
633 750 659 788 et
676 737 765 804 l'ange
789 737 817 788 la
840 739 937 789 beisait
959 756 1005 790 sun
1027 739 1053 790 la
1077 739 1200 806 bouche3
1224 759 1277 792 sn-

239 809 310 858 suite
326 825 362 856 on
382 805 473 858 enfant
491 803 608 858 ensetmi
635 805 703 856 dans
727 825 763 856 nn
788 805 873 873 grand
896 825 947 876 ooq
975 806 1009 858 de
1034 819 1127 860 esrton
1146 809 1224 860 eniait
1241 827 1277 860 en

236 877 345 926 imitant
367 875 393 926 le
419 873 500 925 chent
524 873 560 926 du
585 889 651 942 ooo:
674 891 762 942 puer
786 887 889 926 natus
914 887 966 928 est
993 876 1112 928 nobis.
1152 877 1195 928 Un
1214 895 1276 946 gros

137 937 142 952 '
237 943 325 996 boens
341 963 374 995 en
395 935 542 1010 mugissaist
558 941 640 993 disait
660 941 734 1007 ubi,
754 943 822 1012 qn'il
839 946 1001 1014 prononeait
1019 945 1119 1012 oubi,
1137 963 1191 997 nne
1208 945 1276 998 bre-

236 1013 280 1068 bis
300 1012 385 1064 betete
403 1029 436 1064 en
455 1014 542 1062 crient
559 1010 749 1064 Bethltiem.
786 1013 828 1064 Un
855 1015 905 1066 ine
931 1015 1008 1066 oriait
1033 1015 1182 1066 hilianus
1204 1033 1277 1086 poue

236 1079 358 1149 signifier
376 1097 506 1132 eamus:
525 1099 578 1132 une
597 1084 698 1148 longae
717 1085 874 1151 proeession
894 1081 1024 1152 pneee‘dde
1044 1081 1078 1136 de
1102 1093 1196 1151 quatre
1213 1083 1275 1136 tous
1297 1137 1300 1144 ,

236 1167 302 1202 avec
321 1150 367 1202 des
386 1149 532 1218 grelotset
550 1149 597 1200 des
616 1161 742 1203 marottes
761 1151 867 1202 lernteit
885 1151 911 1221 19
929 1151 1070 1204 menone-‘⁶
1131 1147 1139 1164 “

201 1217 266 1288 Peg.
289 1217 339 1270 174
357 1218 406 1269 lin.
424 1215 442 1268 9
459 1235 509 1287 pro
527 1217 614 1269 silis
633 1217 692 1286 lege
710 1217 806 1272 filio.

69 1323 77 1348 e
151 1315 163 1333 ·
201 1291 266 1357 Peg.
288 1288 337 1340 190
357 1288 591 1355 &Eugenium
618 1287 729 1340 Helloix
744 1289 890 1340 illustrium
906 1287 979 1340 Eeel.
995 1285 1141 1342 Orientalis
1155 1285 1275 1357 scripto-

234 1376 295 1409 rum
314 1367 365 1408 etc.
385 1375 413 1424 p.
427 1355 478 1406 277
497 1355 563 1406 haee
583 1355 679 1407 habet:
698 1357 815 1422 „Testis
829 1369 868 1408 est
881 1357 989 1408 Flavius
1003 1355 1107 1408 Dexter
1125 1355 1159 1408 ad
1174 1351 1276 1410 Christi

236 1444 338 1478 annum
363 1427 412 1476 130
436 1423 464 1474 S.
484 1425 614 1495 Dionysii
633 1423 789 1494 martyrium
818 1426 852 1476 ab
878 1427 999 1494 Eugenio
1025 1426 1189 1478 celebratum
1215 1423 1277 1476 els-

140 1524 144 1536 =
218 1541 222 1546 .
255 1495 393 1546 entissime
416 1496 543 1544 carmine.
576 1493 721 1548 Hilduinus
740 1513 848 1565 quoque
869 1495 951 1546 abbas
976 1497 1005 1546 in
1023 1491 1137 1563 epistola
1159 1491 1194 1546 sd
1215 1493 1276 1544 Lu-

236 1514 361 1615 dovicum
387 1563 462 1614 Pium
492 1573 607 1616 testatur
631 1561 660 1614 8.
687 1563 836 1632 Eugenium
862 1564 1026 1617 Toletannm
1054 1565 1193 1634 scripsisse
1217 1561 1275 1632 hy·

234 1651 327 1684 mnum
346 1631 380 1682 de
400 1629 428 1684 b.
447 1631 584 1701 Dionysio
602 1657 637 1670 -
657 1656 689 1670 -
709 1635 788 1686 istum
811 1635 941 1704 hymnum
960 1631 1071 1702 depnom
1095 1643 1150 1684 tum
1174 1650 1210 1684 ex
1226 1648 1276 1682 sa-

235 1719 281 1756 cro
300 1701 466 1820 Dponysiani
484 1701 610 1754 coenobii
630 1705 745 1756 armario
769 1703 861 1756 hicio
880 1701 999 1754 medium
1015 1719 1064 1771 pro
1078 1703 1186 1756 erimus.
1224 1699 1275 1752 Est

235 1771 317 1839 igitur
340 1771 390 1821 iic:

235 1855 312 1910 Coeli
331 1857 402 1906 cives
422 1853 579 1926 applaudite
762 1872 767 1884 ⁸
799 1856 938 1911 Clemente
955 1857 1056 1908 Romae
1073 1853 1214 1922 praesule.

140 1939 155 1990 ,¹
198 1924 298 1980 Mundi
317 1922 434 1978 ioeundo
453 1925 564 1989 lumini,
764 1927 876 1978 lubente
896 1928 970 1978 venit
989 1925 1121 1976 Galliam:

145 2005 148 2010 '
200 1994 261 2066 Quo
280 1994 428 2045 illustretur
446 1993 559 2045 coelitus
765 1993 814 2048 Cui
833 1995 911 2046 iubar
931 1995 995 2046 solis
1013 1991 1152 2063 splendidi

198 2065 286 2118 liuius
307 2062 362 2114 diei
387 2065 482 2130 gelatis.
763 2064 858 2116 lttuxit
877 2063 1089 2133 signisfamine·
1200 2059 1202 2064 ¹

232 2163 373 2217 Praecelsa
396 2159 462 2213 dolis
482 2161 625 2232 martyris,
797 2165 922 2217 Tandem
939 2164 1048 2233 repulso
1067 2163 1215 2228 daem'one,

198 2233 329 2304 Sacrique
349 2233 405 2282 vita
424 2234 567 2298 antistitisj
763 2234 925 2289 Constructo
943 2252 1019 2286 sacro
1038 2250 1134 2304 opere,

198 2303 329 2373 Dionysii
349 2299 449 2352 nobilis
761 2305 860 2358 Poenis
880 2301 985 2354 aflictos
1003 2303 1126 2354 maximis

198 2373 290 2424 Hodie
309 2369 426 2440 palmam
448 2369 576 2440 suscepit.
763 2371 846 2428 Caesa
865 2375 969 2424 ceruice
991 2371 1096 2423 coelum
1115 2367 1180 2422 adit.

233 2475 379 2543 Areopago
399 2471 513 2524 eeclesia
795 2477 854 2526 Ave
872 2477 950 2544 pater
968 2469 1100 2526 scandens
1118 2471 1228 2542 polum

195 2545 275 2612 Bagis
293 2543 407 2610 sumpsit
426 2540 549 2592 diadema
589 2571 590 2576 =
760 2543 821 2598 Ave
840 2546 884 2615 pia
902 2544 991 2593 visens
1009 2542 1113 2596 solum:

198 2611 344 2674 Coelestis‚
364 2628 495 2678 gesnmam
512 2606 642 2678 fulgidam
760 2615 859 2664 Annua
879 2612 939 2664 sesti
959 2627 1070 2662 munera

196 2683 362 2752 Dienysium
381 2681 539 2749 sophistam.
697 2747 704 2758 ἡ
760 2683 823 2734 Tus
840 2697 947 2734 sacrans
965 2677 1128 2751 praesentis.
1204 2697 1241 2730 ⁰.

233 2783 327 2836 Paullo
345 2781 476 2846 docente,
496 2780 635 2852 speculum
797 2781 875 2836 Offer
892 2782 1017 2836 sacerdos
1037 2783 1139 2851 optime

124 2900 132 2926 Κ
195 2853 287 2906 Habet
304 2850 372 2902 fides
390 2847 510 2902 fidelium
519 2887 526 2914 ,
762 2852 883 2904 Gemitus
903 2863 1008 2906 nostros
1027 2863 1053 2903 et
1071 2867 1180 2922 preces:

196 2924 232 2974 Et
250 2919 384 2991 spiculum
403 2919 556 2986 gentilitas,
761 2921 850 2972 Firmo
867 2921 957 2994 iidem.
967 2933 1069 2992 martyr
1086 2919 1155 2986 Dei,

195 2989 284 3062 Quem
302 2999 364 3042 ants
382 3005 485 3038 murum
507 2998 630 3040 nouerat.
762 2991 908 3061 Metasque
927 3001 1033 3046 nostros
1052 2989 1166 3058 corrige.

232 3091 304 3144 Mino
323 3091 472 3144 clarescens
491 3091 616 3160 dogmate
760 3091 821 3164 Ope
840 3095 959 3161 guberna
975 3091 1099 3160 fragiles,

195 3161 361 3218 illuminavit
382 3162 538 3214 Graeciam:
759 3163 791 3213 ln
809 3163 903 3214 mundi
922 3164 1000 3216 huius
1021 3161 1133 3230 pelago,

195 3231 230 3280 Iit
248 3229 367 3299 inclytus
385 3231 449 3282 hine
466 3229 592 3300 pontifex
758 3234 852 3300 Atque
871 3243 966 3284 exutos
985 3247 1102 3300 corpore

195 3297 295 3351 Urbem
314 3299 463 3351 Romanam
482 3298 557 3350 adiit.
759 3301 807 3353 Pie
824 3301 957 3370 benignus
975 3303 1092 3370 suscipe.

536 3397 612 3470 Quo,
632 3401 692 3454 sine
709 3399 763 3454 fine
781 3403 895 3472 gloriam
990 3408 995 3420 '

498 3469 560 3521 Deo
578 3471 650 3521 Patri
670 3489 730 3522 cum
751 3471 837 3540 Filio,

498 3537 558 3592 Una
580 3557 640 3590 oum
660 3552 754 3592 sancto
775 3541 878 3611 Spiritu

482 3661 484 3668 ,
506 3607 612 3660 Tecum
630 3627 757 3662 canamus
774 3613 919 3682 perpetim.
936 3609 1037 3662 Amen.

145 3737 149 3745 .
192 3688 258 3760 Pag.
276 3687 379 3744 20611.
399 3688 540 3747 chxtt.
559 3695 586 3746 in
606 3693 700 3748 adnot.
718 3695 780 3766 lege
797 3697 847 3750 lin.
864 3699 882 3750 2
901 3713 952 3766 pro
970 3697 1126 3766 Hymnus
1144 3717 1176 3730 -
1195 3692 1273 3765 ny-

227 3781 347 3813 mnum.

192 3829 256 3898 Peg.
276 3832 324 3882 251
350 3831 412 3882 Non
432 3829 557 3899 intelligo
581 3831 647 3900 quid
670 3831 724 3884 sibi
748 3831 814 3884 velit
839 3841 904 3884 nota
922 3831 1146 3900 Wackernagelii
1170 3849 1198 3898 p.
1218 3825 1272 3882 862

226 3899 309 3964 „Die
327 3899 451 3966 Gesit‘nga
469 3899 516 3952 des
535 3901 656 3952 Thomas
673 3920 728 3953 von
748 3902 859 3969 Aquino
877 3899 939 3952 sind
962 3918 1016 3954 ven
1042 3917 1149 3966 grosses·
1166 3899 1272 3950 wich-

225 3969 321 4036 tigkait
338 3971 383 4020 liis
399 3969 445 4019 die
462 3968 631 4023 katholisehe
648 3971 736 4022 Lehre
753 3987 816 4022 vom
836 3969 902 4020 hell.
921 3965 1110 4032 Abeodmeltl,
1138 3967 1204 4020 weil
1230 3969 1272 4018 sie

225 4054 288 4087 vom
314 4037 418 4088 Genuss
444 4035 587 4090 desselben
617 4041 648 4092 in
677 4038 810 4092 beiderlei
835 4035 940 4100 Gestalt
973 4035 1093 4089 handeln
1116 4033 1173 4088 und
1197 4035 1271 4089 noeis

226 4105 315 4158 niotns
334 4125 387 4160 von
407 4103 468 4158 dem
487 4106 663 4175 Sacrilegium
683 4105 729 4159 des
750 4107 849 4163 Kelehs
867 4103 999 4158 wissan.‘⁴
1219 4109 1223 4118 '

191 4173 256 4244 Peg.
274 4173 325 4228 255
343 4175 372 4226 in
392 4173 512 4228 adnotat.
531 4177 579 4228 lin.
598 4177 617 4230 il
635 4179 674 4230 ita
691 4176 941 4245 lege-pnivatae
964 4186 1018 4228 est
1044 4171 1269 4237 devotionis,

227 4262 294 4295 non
342 4245 499 4296 ublieae.
1211 4267 1214 4276 ¹

191 4313 255 4382 Peg.
275 4315 290 4364 3
316 4390 322 4402 ι
343 4315 377 4368 ll.
398 4311 570 4368 ccccxxi
591 4334 615 4366 v.
636 4313 670 4368 16
687 4313 748 4382 lege
765 4331 816 4384 pro
834 4313 990 4382 sepeinis
1009 4337 1044 4352 -
1060 4308 1261 4378 sepeliris.-

567 4433 882 4448 m
