2864 4974
715 461 809 535 lua

96 692 144 762 „¹
233 642 284 706 11.
298 641 395 718 Quum
430 639 568 708 destructas
606 647 650 700 est
690 639 745 702 im·
790 639 839 704 13.
852 638 974 719 Propter
992 634 1141 700 heminam
1163 644 1283 718 peecata
1346 723 1354 736 ἡ
1419 717 1422 734 ι

295 809 334 870 Et
347 806 378 870 iu
393 827 477 870 cruce
492 741 746 889 tuniniiipiinsus
851 807 913 868 Sue
934 823 1002 867 earo
1025 804 1154 868 cruciata

296 893 448 972 Fugerunt
468 893 613 973 discipali.
853 891 920 953 Fuit
941 891 1166 957 intervertere.

295 977 404 1040 Maurus
436 978 524 1060 pedes
544 979 747 1062 perfoderunt,
853 975 988 1038 Membra
1009 993 1063 1037 sua
1090 984 1157 1037 sant
1178 973 1305 1037 distenta

82 1045 83 1054 ’
126 1065 130 1075 ·
162 1087 166 1104 ›
256 1069 258 1087 ·
297 1062 341 1130 El.
356 1069 437 1124 acela
460 1066 632 1142 pataverunt
852 1057 976 1138 Propter
996 1065 1107 1141 aspele
1124 1070 1267 1128 tormenta
1345 1098 1348 1108 2

256 1229 260 1235 ¹
298 1145 451 1210 Sarnranm
472 1145 700 1228 regensecnlir
739 1165 743 1178 ·
854 1146 892 1208 Et
913 1145 995 1206 illata
1019 1145 1165 1234 uulnera

237 1282 288 1351 12.
304 1281 396 1344 Caius
419 1282 494 1343 ccnli
516 1280 591 1344 lecal
791 1281 841 1348 14.
855 1281 932 1344 luter
953 1299 1076 1360 magnos
1095 1278 1241 1342 cruciatus

299 1367 374 1428 Sunt
397 1367 426 1428 iu
448 1365 532 1428 cruce
553 1364 714 1444 circumacti,
851 1367 904 1428 Est
926 1365 954 1426 iu
967 1386 1058 1428 ‚crece
1081 1365 1258 1445 lacrymatur
1341 1383 1344 1400 ’

300 1453 338 1514 Et
361 1452 457 1512 vultus
478 1451 630 1532 expalluit.
725 1502 731 1516 ,
855 1451 894 1514 Et
915 1449 1011 1514 emisit
1029 1449 1172 1531 spiritum.

301 1536 363 1602 Sne
386 1537 499 1616 corpori
523 1549 590 1598 tunc
611 1536 687 1596 uude
853 1533 1042 1614 Suspiremus
1064 1544 1092 1594 et
1111 1533 1251 1614 tecum,

301 1620 368 1684 Nan
397 1623 535 1684 remansit
559 1621 750 1700 pulchritudo,
857 1619 933 1682 'Pete
955 1621 1040 1684 cerda
1059 1619 1211 1682 deleamus

301 1705 397 1768 Dcear
417 1706 512 1768 cannis
530 1705 655 1786 aufugit.
856 1703 953 1786 Super
974 1703 1164 1785 unigenitam.

344 1913 348 1923 ¹
485 1829 535 1910 15,
549 1837 712 1919 Crrrrilixc,
733 1839 780 1901 lac
800 1859 848 1902 me
871 1839 989 1920 lortcrn,
1049 1847 1054 1856 '

550 1927 589 1990 Ut
613 1923 735 1988 libentur
757 1935 836 1986 tunm
856 1934 979 1988 mertem

550 2011 710 2090 Plaugam‚
731 2012 821 2072 denec
840 2009 953 2074 vixere.

531 2095 661 2160 .'I'ecum
681 2096 748 2156 vele
771 2093 938 2170 vulnerari,

549 2181 595 2242 'l'e
617 2179 740 2242 libenter
759 2177 924 2258 araplexarl

552 2265 585 2327 ln
605 2281 690 2326 cruce
713 2265 854 2327 desidere.

699 2421 856 2434 ὴ

325 2517 508 2600 Quamquam
541 2518 660 2582 tulimus
700 2513 797 2598 legem
826 2517 1003 2597 eandemque
1035 2514 1238 2596 servavimus,
1280 2527 1311 2581 at

163 2606 166 2616 '
240 2599 298 2664 illc
324 2605 453 2668 earmina
482 2614 592 2668 tautam
621 2604 651 2666 in
671 2605 840 2668 tlresanrum
862 2612 992 2665 nestrum
1011 2601 1211 2682 reciperentur
1238 2621 1311 2682 quae

242 2687 440 2756 ecclesiastica
470 2689 638 2754 auctoritate
667 2689 825 2770 pallerent,
860 2686 961 2750 habuit
994 2705 1030 2748 ac
1064 2687 1184 2750 lancea·
1215 2697 1311 2752 tamen

241 2771 295 2832 illa
316 2774 420 2853 regula
442 2777 627 2854 exceptiones
647 2774 676 2834 iu
695 2775 835 2836 lunarem
860 2781 887 2833 et
907 2773 1037 2834 faverem
1051 2769 1217 2852 poetarum,
1239 2769 1310 2852 ques

242 2857 473 2936 praetermisisse
502 2859 567 2940 plns
593 2859 818 2922 crimiui'uebis
848 2855 1008 2919 verteretur
1036 2877 1121 2936 qaam
1149 2857 1215 2936 ipsa
1234 2857 1337 2939 legia

243 2940 371 3005 violatia.
415 2943 507 3022 igitar
530 2943 625 3004 lacum
648 2956 742 3004 teneat
763 2963 876 3023 quaque
899 2942 940 3003 S?
953 2940 1172 3020 Beneventum,
1194 2955 1310 3004 sanctae

243 3024 338 3086 erneis
360 3026 460 3088 laudes
483 3027 642 3090 effundens.
684 3027 824 3090 Dedimus
846 3046 963 3088 carmen
991 3035 1074 3107 prout
1095 3025 1260 3090 invenimus
1281 3029 1312 3088 in

244 3108 351 3176 Remu.
370 3111 488 3174 Authal.
510 3111 532 3174 l.
557 3133 584 3191 p.
607 3110 669 3174 315
692 3133 735 3192 sq.
784 3113 867 3174 larut
896 3111 1027 3174 conterre
1056 3131 1121 3172 cam
1143 3111 1198 3173 hec
1220 3111 1313 3174 lacui·

157 3249 173 3259 .,
245 3212 308 3254 smc
332 3204 447 3256 cautam
463 3195 583 3256 Ademit
604 3215 657 3256 nec
677 3206 705 3258 te
727 3197 822 3277 fugiet
838 3195 969 3260 ultimam
984 3197 1133 3278 stropham
1149 3193 1223 3259 nri're
1245 3217 1315 3259 cen·

244 3277 344 3342 venire
366 3299 432 3342 cun
454 3279 546 3343 Pras'u
567 3281 711 3361 lacapeni.

622 3557 884 3568 ,ο--μ--ψψ--ωη
890 3561 896 3564 -
902 3559 908 3566 .
914 3557 929 3568 .-
