2858 4968
686 597 828 667 xxvii.

654 742 709 806 De
731 743 856 814 endem.

112 931 118 952 r
215 884 283 947 lssn
304 896 387 944 masc
407 878 544 956 deliciae,

214 969 254 1030 Et
274 966 330 1030 fide
350 975 449 1029 enatem
470 963 600 1027 animae!

215 1053 262 1116 'l'n
283 1049 379 1114 cruris
400 1049 491 1112 lixum
513 1051 619 1111 andare

214 1137 303 1200 Mens
321 1135 404 1198 ardet
424 1133 501 1202 omui
521 1143 659 1216 tempore.

214 1271 384 1353 Campatius
406 1269 587 1346 medullitus,

214 1355 291 1418 Cum
311 1356 421 1418 undum
441 1375 529 1416 carno
549 1354 678 1433 penitus3

214 1441 274 1518 Qui
296 1440 368 1504 mihi
391 1449 436 1502 nst
457 1457 527 1518 praa
549 1439 685 1502 omuibus

164 1592 169 1608 ⁸
214 1525 389 1588 Thesaurus
411 1521 689 1604 praestantissimus.

153 1637 164 1664 ⁰
214 1661 240 1726 0
263 1659 346 1724 lesu!
365 1668 431 1720 tuae
453 1659 637 1738 lachrymae,

212 1749 350 1826 Augures
372 1753 400 1804 et
422 1741 556 1805 tristitiae

213 1831 313 1892 Meam
335 1829 466 1891 solentur
486 1825 631 1906 animam,

184 1997 188 2002 .
212 1916 371 1999 iugeraque
391 1913 460 1976 dent
480 1909 630 1980 laetitiam.

778 877 862 943 Clari
886 878 926 940 tui
949 888 1016 940 sunt
1038 873 1169 962 spicula,

777 962 857 1026 Casti
879 965 989 1026 ameris
1010 964 1121 1044 iacula,

776 1048 833 1111 His
857 1049 980 1110 dulciter
1001 1069 1048 1111 mc
1065 1052 1211 1128 uulnera,

777 1133 814 1196 Et
836 1143 1037 1216 conpetenter
1058 1143 1187 1214 penetra.

775 1269 820 1332 ila
841 1279 890 1332 tun
911 1271 976 1332 lesu
997 1288 1119 1350 corpore

774 1355 822 1418 Da
843 1357 922 1417 cardi
945 1374 1010 1416 mee
1031 1355 1147 1433 virere,

775 1442 808 1502 ln
830 1441 925 1504 cardis
947 1439 989 1501 tui
1013 1439 1132 1500 vulnera

774 1525 906 1606 Dignare
927 1543 975 1588 mc
997 1525 1188 1590 abscondere.

775 1661 814 1724 Et
835 1659 938 1726 rn'nrtis
959 1661 988 1722 in
1010 1657 1168 1739 angustia,

774 1746 833 1808 Per
853 1756 903 1807 tua
923 1765 1025 1826 precer
1045 1744 1187 1819 vulnera,
1247 1803 1255 1817 ,

776 1831 801 1892 0
824 1831 906 1908 Ιεειι,
929 1841 1008 1892 tanta
1029 1827 1127 1909 passio

775 1911 937 1996 Culparum
957 1915 996 1980 sit
1015 1911 1160 1979 remissie.

681 2069 827 2094 *μὶ

677 2229 831 2300 XXVIII.

653 2371 710 2436 Dc
730 2375 857 2476 eadere.

211 2515 322 2580 dmm
342 2511 452 2577 Christi
475 2509 573 2598 passio

213 2599 265 2663 Με
286 2599 356 2661 llere
377 2599 445 2680 plus
466 2614 554 2676 qnam
576 2595 670 2658 dicere

212 2683 333 2760 inritat,
354 2693 481 2744 attamen
503 2679 561 2760 piis

210 2767 344 2831 Miscens
365 2785 483 2828 carmen
504 2763 651 2846 lacrymis.
729 2801 733 2809 ·

210 2901 270 2964 Sed
295 2922 352 2982 qun
374 2919 475 2962 canam
498 2899 668 2981 praestruis,

211 2988 332 3052 Amoris
351 2988 499 3046 inventum
518 2983 575 3060 tui,

211 3071 277 3148 Qua
298 3068 433 3146 Christe,
461 3077 548 3128 temet
570 3067 599 3128 in
621 3067 718 3131 cilum

133 3181 139 3188 ·
210 3151 303 3218 annis
325 3153 428 3214 dedisti
451 3162 479 3213 et
500 3152 644 3232 poculum.

209 3289 287 3354 Hinc
308 3287 409 3351 martis
428 3288 465 3351 ad
487 3287 686 3368 spectaculum

209 3377 306 3438 Totas
328 3393 431 3436 eruore
451 3371 582 3454 perpluis

207 3459 408 3538 Membrisqnc
429 3457 548 3539 plangis
569 3456 711 3530 amnibus.

209 3545 236 3626 Ο
258 3543 395 3608 instituda
416 3543 590 3625 Martyrum.

208 3681 285 3746 Max
306 3691 334 3744 te
355 3679 482 3743 Satelles
501 3677 626 3760 undiquc

208 3763 390 3841 circumdat,
413 3773 504 3825 arctat
525 3763 665 3826 vinculis:
691 3821 693 3830 ,

144 3856 146 3864 ’
206 3847 267 3912 Sed
291 3863 320 3912 ts
340 3849 449 3929 ligarat
469 3847 592 3928 aretina,

208 3933 297 3999 Prius
318 3944 434 3996 tucrum
455 3933 592 3998 charitas.

209 4069 287 4147 Quat
308 4069 430 4150 prnlrra:
453 4087 526 4149 quas
548 4067 687 4131 iniuriasr

208 4153 278 4216 Nux
300 4153 371 4216 vidit
392 4171 450 4216 uua
470 4153 613 4231 militum,

209 4237 259 4301 Fit
279 4237 365 4300 ludus
387 4251 416 4300 et
435 4238 632 4318 spectaculum

210 4323 278 4388 aar
299 4319 391 4388 lsrael
412 4334 441 4388 ct
462 4321 607 4386 caelitum.

774 2513 853 2576 ilum
874 2511 1006 2575 Christe!
1029 2509 1108 2574 tellis
1131 2510 1259 2588 lumina,

774 2597 892 2662 Petrum
913 2607 1068 2678 negantem
1088 2595 1227 2677 respicis,

773 2682 831 2745 Sed
851 2685 1060 2745 lacrumuutern
1082 2681 1252 2761 praevenis,

773 2767 840 2829 Τιιε
861 2768 1018 2830 lavandum
1032 2764 1194 2847 sangnine.

771 2903 856 2968 Nune
874 2912 971 2965 mutus
988 2884 1054 2964 ante
1076 2901 1217 2977 indicem,

722 3011 728 3021 ³
771 2991 862 3052 ludex
882 3007 1037 3068 supremus
1058 2984 1204 3064 amnium,
1285 3025 1287 3048 ι

771 3075 842 3136 Sole
865 3071 990 3134 satisne
1013 3071 1159 3150 clamitat,

771 3157 925 3222 lanaxiurn
946 3157 1070 3223 silentia.

770 3292 851 3372 Quin
874 3279 982 3354 candor
1002 3291 1052 3353 ille
1073 3288 1197 3354 restium

771 3379 837 3455 Qun
859 3376 970 3457 spreuit
990 3377 1122 3440 Heredes
1141 3373 1252 3454 Deum,

770 3463 898 3525 Decebat
919 3480 1045 3541 agnum,
1067 3459 1188 3522 candida

730 3611 732 3616 ,
770 3547 830 3626 Qui
851 3545 943 3629 pascit
964 3547 1039 3608 inter
1060 3545 1133 3608 lilia.

770 3683 819 3744 'l'u
841 3679 975 3744 Christe!
996 3679 1098 3759 linguis
1120 3678 1264 3764 caednris,

769 3767 835 3847 Ego
857 3767 948 3827 miser
968 3765 1162 3845 deliqueram,

769 3851 868 3914 Rasas
889 3851 1032 3928 agndum
1055 3851 1166 3930 colliga

769 3937 818 3998 'l'u
839 3939 969 3998 sentibus
990 3931 1206 4016 compungeris.
1281 3957 1283 3962 ’

768 4070 826 4131 Sed
848 4071 884 4132 ad
907 4071 1071 4132 columnam
1089 4069 1234 4152 frangitur

768 4155 850 4216 Haec
872 4173 938 4216 maa
958 4155 1152 4232 contumacia,

770 4239 808 4301 Et
828 4240 885 4302 hac
906 4258 1012 4302 carana
1034 4239 1161 4320 cingitur

771 4323 942 4399 Martalium
962 4325 1110 4406 superbia.
