2858 4968
649 463 657 474 1

620 491 723 567 809
811 539 814 546 -

136 667 279 749 temporis
290 667 423 730 rnatotiui
437 667 493 728 disi
516 667 735 754 pentecostaiisl,
755 668 921 733 festivitatis
942 671 1096 751 splendore
1118 671 1206 754 longo
1229 664 1232 672 ’

135 753 270 829 excellit,
292 751 334 814 its
354 753 402 814 dio
425 753 556 832 puseiuali
578 753 649 816 ittua
673 765 787 836 tempus
809 757 883 836 qood
906 765 934 816 et
962 775 1079 819 morsm
1101 767 1208 820 memo·

126 859 198 898 seru
222 837 343 902 incutiat
364 849 393 898 et
413 841 449 898 ad
472 859 554 918 spem
577 839 716 918 optimam
738 841 853 901 animos
874 839 988 920 erigat,
1014 849 1058 902 est
1078 842 1207 922 primunt

135 923 312 999 iiiueoium,
333 923 423 982 immo
438 934 496 982 toto
508 943 583 1000 nox,
605 923 712 1003 quippe
727 945 793 985 oum
817 927 917 986 eodem
931 935 1061 1006 tcmpors
1075 945 1140 1006 quo·
1153 928 1209 986 no'-

133 1007 189 1068 etis
210 1010 346 1068 tenebrae
368 1008 466 1068 orbem
489 1009 625 1085 tegebant
644 1006 780 1071 Christus
801 1020 922 1070 mortem
945 1009 1062 1090 generis
1085 1010 1206 1072 numeni
1319 1083 1324 1092 ἱ

133 1091 248 1154 hortm
275 1092 412 1152 inrietnm
442 1093 632 1170 prostraverit
658 1103 687 1152 et
707 1093 805 1154 tristes
826 1093 953 1174 sepulcri
982 1095 1120 1156 tenebras
1136 1096 1206 1156 niro·

135 1182 222 1255 gerit.
274 1175 342 1238 inde
371 1176 457 1236 etiam
486 1177 593 1238 iactum
621 1185 666 1236 ost
694 1185 725 1238 ut
753 1187 836 1240 retus
866 1179 990 1241 cericeis
1018 1188 1130 1241 noetoau
1152 1197 1207 1258 ps·

133 1259 265 1322 sehsten
289 1259 353 1322 suis
381 1259 493 1339 rigiiiio
527 1260 703 1339 celebraret,
737 1281 810 1342 qous
845 1263 960 1342 quidem
989 1262 1122 1344 quisquis
1149 1283 1204 1345 pe·
1266 1285 1269 1292 ·

134 1353 198 1406 etns
227 1343 343 1424 pietatis
377 1365 450 1424 erga
477 1344 625 1408 chrisum
655 1347 772 1425 pienum
800 1347 889 1410 hebet
914 1367 971 1409 non
1002 1347 1107 1427 poterit
1135 1347 1206 1430 quin

57 1451 68 1460 ·
135 1431 236 1508 probet
258 1440 343 1510 atque
366 1429 472 1492 laudet.
516 1430 701 1510 Quapropter
722 1430 806 1494 iiiam
827 1433 935 1494 veteris
956 1433 1105 1494 ecciesiae!
1120 1453 1205 1496 usam

133 1511 274 1594 temporis
302 1513 409 1575 iniuria
436 1511 577 1576 omissum
605 1535 671 1576 esse
694 1534 872 1594 magnopere
901 1525 929 1577 et
946 1517 1078 1578 dolemus
1099 1527 1128 1577 st
1149 1516 1205 1578 nni-

134 1617 246 1660 ramur.
286 1598 362 1676 Quid
386 1596 462 1658 euim
483 1599 556 1678 quod
575 1598 753 1679 vigilantius
775 1599 825 1660 iiie
848 1601 895 1680 quui
916 1599 1078 1662 acerrimos
1100 1600 1130 1662 in
1159 1602 1204 1664 ri·

133 1681 223 1760 giiuas
241 1683 353 1744 exstitit
373 1683 465 1743 hostis
488 1693 516 1743 ot
539 1680 567 1742 iu
591 1701 642 1744 ess
663 1703 749 1744 caeco
763 1685 862 1745 sorore
883 1683 1013 1746 invectus
1035 1695 1093 1762 est,
1115 1705 1204 1766 qnam

134 1785 236 1826 omues
257 1767 395 1828 radicitus
422 1765 626 1848 exstirpandas
652 1769 796 1828 censuerit
825 1769 979 1848 paschales
1009 1777 1105 1832 tumen
1133 1787 1204 1832 sau·
1303 1799 1308 1808 ·
1416 1767 1418 1776 ’

133 1861 196 1912 rau
217 1849 395 1932 intactosque
416 1849 554 1930 retiquiut
597 1851 655 1914 vix
676 1862 773 1912 autem
801 1851 913 1914 tristius
942 1853 1099 1934 quidquam
1126 1853 1205 1916 aoei-

132 1935 202 1995 uiers
230 1938 320 2016 potuit
340 1953 427 2016 quana
450 1945 480 1996 ut
510 1933 644 2016 impietas
670 1937 798 1998 humana
826 1933 913 1998 otiam
942 1935 971 1998 in
998 1937 1054 2000 hats
1074 1937 1204 2018 vigilius

131 2019 275 2102 irreperet
295 2039 453 2099 canusque
481 2020 611 2082 ortionem
632 2039 691 2081 non
711 2021 779 2082 siue
797 2021 934 2082 scordalo
957 2023 1085 2083 turbaret
1112 2041 1203 2102 eaqoo

132 2123 223 2167 rausa
244 2111 289 2166 eu
309 2125 361 2164 sar
383 2103 505 2166 ecclesia
534 2101 614 2166 iiiios
647 2103 738 2168 noctis
760 2103 888 2166 officiam
908 2107 940 2169 in
959 2103 1079 2168 Sauene
1103 2105 1204 2188 magni

131 2199 248 2270 ternpus
271 2185 441 2254 matutinum
462 2189 654 2252 trustuieritr
684 2191 757 2270 quoa
787 2211 874 2270 quarn
907 2191 970 2252 sine
998 2189 1205 2271 sutioipatioss
1324 2209 1327 2222 ·

131 2277 257 2354 pauo·
279 2271 445 2336 testivitstis
460 2271 608 2354 posuistis
629 2273 692 2334 fiori
715 2293 773 2338 noa
795 2284 910 2356 posset,
933 2275 1029 2340 minas
1049 2285 1207 2338 consonae·

100 2409 105 2424 ,
131 2377 221 2422 soson
250 2359 374 2422 ήκειν.
422 2357 477 2418 ΙΙΙι
503 2367 600 2418 sotem
623 2357 672 2438 qui
700 2357 787 2424 etiarn
810 2367 910 2422 nostro
939 2370 1069 2441 tompore
1097 2358 1127 2422 in
1155 2378 1205 2420 eo-

132 2439 223 2505 eissia
251 2441 386 2505 Romana
413 2440 521 2504 obtinet
547 2441 725 2504 caerimonis
746 2441 1080 2524 'Resurrectionis
1109 2441 1205 2526 ¹(sm-

132 2530 199 2590 irato
223 2539 323 2590 sancto
352 2537 481 2608 temporo
507 2525 671 2608 vespertino
704 2527 804 2608 peragi
832 2528 932 2608 solita)
967 2539 995 2590 st
1023 2548 1096 2608 quoe
1125 2529 1203 2610 apud

132 2612 367 2676 flermhutianos
399 2611 429 2674 in
455 2611 612 2672 cimeteriis
641 2609 734 2690 primo
764 2609 891 2678 aiiiucnlo
921 2611 967 2674 ulio
993 2611 1124 2693 pesehsii
1149 2611 1204 2675 hs-

132 2699 236 2760 irsntur
261 2697 417 2758 oeuoioacs
445 2714 564 2770 sacrae,
603 2705 746 2776 uteunque
773 2716 789 2756 s
822 2717 855 2757 ro
885 2707 967 2774 scrut,
1006 2705 1102 2760 tonsu
1132 2695 1203 2759 mihi

132 2783 248 2864 quiui'em
282 2781 364 2846 nuiio
399 2793 482 2862 paeto
524 2777 661 2842 uuutteu
703 2780 800 2861 quenti
837 2779 959 2862 vigilius
1002 2781 1071 2843 iiiuc
1105 2780 1203 2845 valere

131 2867 274 2932 videratur.

217 2953 284 3014 Uuo
312 2945 554 3012 caerimoniarum
581 2947 661 3012 iilius
689 2949 781 3012 nectis
808 2961 852 3010 est
874 2945 958 3013 Cerei
984 2947 1131 3030 paschalis
1155 2951 1203 3030 qui

126 3045 254 3100 rasator
276 3035 451 3099 Bencuiietio.
494 3034 541 3095 Ex
563 3033 681 3116 opium,
710 3055 784 3114 quas
807 3045 905 3114 patres
927 3057 985 3096 neu
1013 3035 1090 3096 uuaie
1113 3033 1204 3114 virgi-

132 3125 216 3184 uaios
237 3121 397 3200 vocabunt,
424 3137 491 3178 cera
513 3139 586 3198 pura
606 3117 783 3198 candidaque
805 3119 925 3181 candeio
946 3119 1096 3182 conficitur
1118 3131 1146 3180 ct
1167 3139 1204 3181 es

133 3209 247 3286 quoidam
278 3203 386 3280 rruuior,
416 3213 443 3264 et
471 3202 589 3282 grutriur
613 3223 697 3282 rpuuara
727 3225 778 3284 pru
807 3205 902 3265 soiito.
947 3206 1029 3266 ilaec
1051 3213 1203 3284 postquam

131 3295 190 3356 aito
218 3291 391 3352 mtudeiahro
420 3288 556 3368 imposita
583 3297 642 3362 est,
680 3287 827 3350 Diae-onus
861 3290 970 3350 ouuuuiu
1006 3299 1036 3350 ut
1064 3289 1089 3348 ci
1119 3307 1204 3352 suero

130 3373 259 3439 formula
280 3373 437 3435 benedicat.
484 3372 663 3452 Noroppuud
686 3383 805 3432 roratur
826 3373 935 3432 inuuue
957 3375 1045 3452 (qraud
1076 3371 1205 3432 sriutiiia

131 3481 168 3524 cx
190 3460 273 3522 silice
294 3458 420 3520 excitata
442 3457 590 3517 iuueusum
613 3465 697 3535 atque
720 3465 747 3516 ot
770 3453 864 3534 ipsum
880 3475 930 3514 ore
949 3455 1119 3516 sacerdotati
1134 3471 1204 3514 rou·

131 3555 276 3611 serratum
291 3535 354 3624 sest)
377 3541 501 3621 primaru
524 3539 634 3601 Cereus
663 3540 811 3618 paschaiis
834 3540 1018 3618 iuccuditur,·
1037 3539 1138 3600 deiude
1164 3557 1202 3598 ox

132 3633 188 3693 iaoo
211 3637 349 3708 quotquot
371 3628 400 3688 ia
424 3624 531 3702 terupio
553 3623 660 3686 domiui
683 3633 749 3684 suut
768 3623 906 3684 curtriciso
929 3621 1025 3684 iumou
1048 3621 1201 3702 accipiunt.

130 3715 244 3776 Cereuus
270 3723 367 3773 autum
395 3708 556 3794 paschaiis,
591 3719 622 3768 ut
651 3707 744 3769 tribus
771 3707 866 3768 uerbis
895 3707 1007 3785 dicam,
1044 3705 1202 3785 imaginent

11 3859 12 3864 ,
131 3797 242 3862 ourisat
264 3795 395 3858 crucifixi
419 3793 572 3874 exprimit,
597 3790 644 3872 qui
668 3811 743 3852 nura
758 3793 820 3852 iace
841 3791 976 3854 omuibus
998 3791 1045 3872 qui
1068 3791 1095 3852 oi
1116 3790 1202 3852 ficium

130 3885 240 3956 lauiruut
268 3879 390 3960 asturiget
421 3887 449 3939 et
479 3889 508 3938 ut
531 3877 673 3957 quuoruiom
703 3875 781 3956 iguis
808 3875 941 3936 coelestis
972 3877 1023 3956 pe'r
1058 3877 1202 3936 desertum

20 4017 23 4025 .
132 3967 240 4050 popule
254 3965 468 4042 israelitarum,
489 3961 532 4024 sie
551 3959 635 4041 gregi
658 3981 711 4021 suo
732 3982 782 4039 per
803 3961 878 4025 ritae
901 3961 1077 4024 curriculum
1099 3959 1201 4020 dirceus

131 4074 165 4115 sc
189 4054 319 4132 percebot.
363 4047 475 4110 Etenim
496 4066 564 4108 cera
584 4067 690 4125 «eorpus
712 4043 821 4110 Christi
845 4066 882 4106 ox
905 4045 1064 4124 paucissima
1086 4041 1200 4124 virgine

132 4145 332 4215 assumptum,
354 4132 435 4194 flium
458 4133 533 4192 cerui
562 4131 626 4194 eius
648 4131 795 4210 unimam,
823 4129 941 4190 flamma
960 4129 1140 4190 divinitatem
1162 4125 1203 4190 si-

132 4221 266 4304 gnificat:
288 4237 374 4300 porro
397 4218 521 4296 quiaque
537 4215 679 4276 foramina
700 4233 783 4275 (uerae
804 4216 947 4294 impressa
972 4213 1092 4274 vaiacra
1114 4212 1203 4281 Citri-

133 4310 168 4370 sti
192 4293 231 4367 ἰιιΙ
245 4323 330 4366 eruce
354 4302 489 4380 suspensi
513 4311 540 4359 et
562 4301 654 4362 tluuris
674 4315 783 4380 graue,
805 4296 1127 4374 foraruiuiimsiuiecta,'
1149 4317 1201 4358 uu·
1241 4305 1247 4312 “

132 4403 243 4476 guenta
267 4388 372 4470 quibus
401 4383 513 4451 Christi
542 4405 649 4468 eorpus
677 4397 829 4464 autequam
857 4383 1027 4465 sepeliretur
1055 4383 1204 4452 inunctum
