2848 4974
649 483 671 556 ῃ
688 457 753 534 88

455 694 458 700 .
632 588 772 714 uun.
887 701 890 713 .

304 787 361 860 De
385 791 422 858 S.
449 787 556 862 Laoc.
595 777 688 878 (Ate
707 789 770 870 „De
789 786 851 854 SS.
871 783 1126 869 Evangedisto'o'.)
1166 849 1174 856 ,

185 909 213 974 1.
227 907 339 974 Pinusu
361 913 469 976 rlrorus
490 913 680 988 laetabundo,
738 912 768 973 ὀ.
786 910 828 986 Os
844 909 1003 972 domenum
1025 914 1069 968 est
1089 903 1230 966 Mndbnei

225 992 289 1056 Hos
301 996 414 1058 attollet
436 1017 488 1078 per
504 1018 576 1078 quos
589 997 695 1060 mundo
780 995 814 1078 in
834 995 963 1061 humana
984 993 1093 1067 forma,
1114 989 1168 1051 Dei

225 1077 338 1142 Sonant
359 1083 528 1163 evangelieo
779 1079 923 1140 Dictontis
944 1077 1127 1158 prosapiam,

226 1162 305 1227 Voce
326 1187 447 1246 qnorum
470 1169 552 1230 euius
572 1167 675 1244 duxit,
780 1162 872 1248 Cuius
894 1183 987 1243 gentos
1008 1163 1052 1222 sio
1072 1159 1199 1222 contexit

226 1246 294 1311 Nox
315 1252 474 1330 praecessit
493 1264 521 1314 rt
540 1253 638 1316 iiinxit
781 1250 866 1325 eum
887 1267 906 1308 u
929 1249 1018 1328 stirpe
1040 1247 1134 1310 David
1158 1243 1220 1308 exit

227 1331 279 1395 Sui
300 1329 452 1399 illustram
474 1337 580 1402 omnin.
779 1331 954 1396 Percurrit
975 1329 1136 1395 materiam.

182 1467 214 1532 2
227 1465 337 1558 Curam
356 1469 449 1552 egens
470 1473 515 1535 sni
536 1473 639 1554 gregis
737 1471 769 1536 6.
783 1461 888 1534 Rictus
911 1469 993 1531 horis
1013 1445 1111 1530 Lucae
1132 1467 1218 1528 datur

226 1553 332 1618 Pastor
357 1557 467 1634 bonus,
501 1569 602 1621 auctor
620 1555 697 1640 legis
780 1555 812 1628 iti
835 1571 892 1636 qna
912 1552 1190 1634 forma-figuratur,

145 1709 159 1721 ,
227 1639 361 1716 Quetnor
380 1640 519 1704 instituit:
682 1697 688 1724 „
781 1639 867 1704 Nora
888 1637 1024 1702 Christus
1043 1639 1156 1716 hostia3

227 1723 336 1802 Quadri
358 1726 438 1789 oriris
458 1729 495 1790 ad
516 1727 658 1792 modelam
783 1730 845 1787 Aru
865 1723 960 1786 crucis
981 1733 1150 1786 mansuetus

225 1807 365 1874 Formam
388 1811 462 1875 iuris
483 1821 511 1874 et
533 1813 676 1877 cautelam
704 1836 708 1844 ·
781 1811 839 1874 Hic
860 1820 1002 1872 mactatur
1021 1809 1065 1870 sic
1085 1818 1113 1869 et
1132 1805 1233 1892 retus]

227 1892 287 1956 Per
305 1916 379 1977 quos
397 1897 486 1960 scribi
507 1898 608 1964 roiuit.
686 1973 689 1982 ²
782 1895 904 1958 Transit
924 1893 1117 1958 observantia.
1228 1949 1232 1962 ,

185 2025 216 2094 3.
230 2026 317 2093 Circa
337 2031 433 2095 thema
454 2033 592 2115 generale
739 2031 772 2096 7.
788 2029 842 2108 Est
862 2029 956 2094 leonis
977 2027 1118 2110 rugientis

226 2113 323 2178 Habet
345 2117 465 2198 quisque
487 2119 614 2199 speciale
782 2109 885 2178 Marco
907 2113 1004 2178 rnitns
1023 2111 1205 2196 resurgentis

228 2197 292 2260 Sint
315 2201 519 2283 priuilegium
784 2199 849 2277 Quo
871 2201 962 2262 claret
982 2200 1124 2281 potentin:

228 2283 312 2362 Quos
337 2287 470 2367 designet
498 2289 528 2349 in
549 2287 691 2369 propheta
784 2283 861 2346 Voce
882 2283 974 2368 putris
997 2283 1154 2346 suscitatus

109 2421 112 2436 ,
228 2366 338 2434 Forma
357 2372 451 2452 pictus
473 2374 652 2438 subdiscrcta
783 2369 887 2449 Surgit
908 2367 1043 2431 Christus
1064 2368 1212 2434 laurentus

227 2450 333 2524 tultus
352 2457 532 2526 animalium.
784 2445 942 2554 immortali
964 2451 1070 2534 glorio.

187 2586 467 2657 trutmundum
485 2595 702 2662 noscaemoiis
742 2590 844 2656 affin
865 2588 1016 2672 quadrigis
1035 2591 1202 2670 deportatur

96 2674 98 2689 '
154 2747 156 2754 s
229 2673 360 2740 intretur
378 2679 464 2742 initur
484 2681 557 2745 sodis
785 2675 895 2738 Mundo
917 2675 1014 2752 Deus,
1039 2675 1213 2737 sublimatur

231 2757 355 2826 ioannes
376 2765 406 2826 in
426 2765 526 2846 aquilo
648 2807 652 2816 ·
786 2761 852 2824 istis
873 2779 943 2824 orca
963 2761 1093 2823 vectibus

229 2845 436 2926 Supracoeios
456 2853 524 2912 dum
538 2849 703 2914 conscendit
785 2846 918 2909 Parndisi
938 2848 1011 2909 irneo
1031 2845 1139 2908 fluenta
1257 2875 1264 2884 ·

231 2929 305 2993 Sino
327 2933 420 3013 patris
439 2935 627 3016 deprehendit
786 2931 871 2994 Nero
891 2931 984 2995 fluunt
1004 2937 1186 2993 sacramenia

229 3013 337 3081 Noun
356 3027 422 3082 aute
444 3021 570 3090 saecuto.
637 3039 642 3046 ·
787 3017 870 3093 Qtne
889 3016 1016 3082 inrorant
1034 3015 1179 3098 gentibus.

434 3153 465 3219 9.
481 3155 547 3220 Non
569 3166 614 3220 est
634 3157 738 3218 domus
758 3153 871 3240 ruitura

476 3241 542 3308 Hac
559 3242 686 3306 subnixa
707 3241 899 3324 quadratura,

476 3327 559 3391 Haec
580 3337 624 3390 est
641 3327 744 3400 donnus
764 3323 890 3398 dominia

240 3479 243 3496 Ι
478 3411 627 3476 Glorietur
646 3412 679 3474 in
698 3413 755 3476 hac
775 3413 861 3473 domo

319 3567 328 3584 Ι
464 3497 546 3575 ‘Qun
567 3500 668 3561 beatur
689 3497 761 3560 ririt
780 3497 886 3577 homo,
959 3565 962 3570 ,

475 3583 558 3648 Dens
578 3583 693 3648 iunctus
710 3581 834 3646 hominis

654 3754 801 3768 -ι--Ι-

280 3873 324 3937 [in
353 3871 405 3936 tibi
430 3873 554 3937 aiterum
582 3877 685 3941 Adami
723 3893 840 3938 carmen
867 3870 1094 3955 pulcherrimum
1123 3871 1196 3950 quod
1231 3878 1260 3931 et

194 3954 290 4037 ipsum
311 3959 342 4021 in
363 3959 608 4040 evangelistarum
630 3960 765 4026 laudibus
792 3968 935 4023 versatur.
985 3953 1075 4018 Cuius
1102 3975 1260 4036 argumen-

194 4048 256 4104 tum
276 4044 329 4106 etsi
351 4045 378 4105 ei
400 4063 486 4126 qrrnm
507 4045 692 4110 exhibuimus
718 4063 822 4127 prosae
849 4043 982 4124 pluribus
1008 4039 1174 4112 nominibus
1201 4059 1259 4102 non

194 4125 331 4190 absimile
357 4129 395 4192 sit
425 4139 521 4192 tamen
549 4132 612 4195 eins
641 4141 685 4192 est
713 4129 831 4212 propria
857 4125 975 4188 dulcedo
997 4139 1083 4208 atque
1104 4125 1261 4206 cingentia,

195 4211 238 4273 sic
258 4222 291 4275 ut
304 4233 362 4275 non
376 4234 544 4296 vereamur,
564 4237 601 4280 ue
624 4214 688 4296 quis
708 4215 792 4277 nobis
813 4211 928 4276 crimini
949 4221 1059 4292 vertat,
1087 4212 1161 4291 quod
1183 4211 1260 4272 hune

119 4347 125 4370 „
196 4296 282 4360 etism
297 4300 478 4378 praeclarum
492 4313 593 4382 poetae
614 4311 730 4362 cantum
752 4299 888 4362 thmnro
909 4307 1008 4362 nostro
1030 4295 1260 4360 interseruimus.

196 4417 236 4433 -
255 4381 395 4452 Dedimus
416 4404 533 4451 carmen
555 4407 593 4453 ex
616 4384 689 4450 Cnd.
715 4385 796 4450 Mon.
820 4383 861 4449 10
880 4395 909 4448 et
934 4385 1021 4449 Miss.
1042 4379 1208 4447 Petarionsi
1231 4381 1260 4442 in
