2848 4978
644 385 781 460 ἢθη

410 565 562 630 Coniuiern
582 582 700 643 sanias,
720 563 795 628 nihil
816 573 861 626 cst
880 563 1053 642 timendum,

409 651 522 733 Nempe
544 651 619 732 quod
642 657 737 730 gestat
758 649 925 730 gravidata,
948 667 1033 712 sacro
1090 657 1094 668 ’
1226 649 1268 712 ld

384 748 386 756 ·
723 732 858 797 Flamina
877 743 985 815 gestet.
1291 749 1293 769 ¹

408 869 499 932 Liher
519 887 539 932 a
560 888 661 932 somno
682 887 903 950 memoransque
926 867 1029 949 loseph

409 953 518 1035 augeli
538 953 661 1034 dictum,
684 951 800 1016 Mariae
822 951 982 1032 ministrat,
1012 965 1019 978 ”
1075 961 1077 970 ’

390 1039 570 1146 ,Ριπτιιὶιιιιι
591 1047 620 1102 et
637 1047 759 1100 matrem
781 1037 859 1098 foret
881 1038 1055 1102 architectus

730 1119 878 1185 Officiose.
1102 1134 1103 1137 ’
1157 1185 1161 1190 ,
1223 1118 1268 1184 20

410 1256 513 1320 lassos
534 1256 660 1321 Herodis
680 1255 793 1319 rabiem
814 1273 918 1317 carere

314 1360 316 1364 ’
411 1339 512 1406 Currit
532 1349 715 1423 Aegyptum,
736 1339 810 1406 redit
831 1337 898 1400 io'de
920 1337 1035 1418 iussus,

410 1423 450 1490 Et
470 1445 571 1489 semen
592 1427 699 1490 iustam
722 1425 894 1488 comitantur
915 1426 1001 1486 ambo

727 1511 826 1576 Mater
848 1517 877 1572 ot
897 1507 1006 1574 intans.

411 1639 538 1705 Sedulus
557 1651 658 1712 natam
676 1643 765 1708 simul
786 1653 814 1708 et
835 1649 984 1726 parentem
1225 1643 1269 1710 25

408 1727 537 1805 Educet,
559 1728 693 1808 quamvis
715 1731 769 1792 duit
789 1729 840 1792 ille
862 1727 1016 1807 alumnus,

408 1811 467 1890 Qui
490 1820 582 1892 potest
600 1813 696 1896 patris
716 1813 843 1877 famulos
862 1831 1021 1893 supernam

729 1899 844 1962 Dooere
861 1897 892 1959 in
914 1897 1023 1964 aulam.

408 2031 491 2111 Ergo
512 2031 573 2094 iam
594 2031 685 2096 nostri
706 2053 835 2113 memor,
855 2052 873 2094 o
895 2045 1037 2112 patrone,

409 2113 573 2178 Criminum
595 2135 687 2178 exora
707 2117 822 2181 ueniam
843 2115 1008 2196 salubrem,
1224 2116 1269 2184 ³⁰

409 2195 575 2283 Tempora,
596 2201 709 2265 coelum
731 2201 883 2282 sociosque
905 2201 1014 2278 sanetis

728 2285 829 2348 Redde
851 2285 980 2354 clientes.

650 2404 822 2416 -1--1-

280 2480 387 2560 Liher,
411 2479 460 2564 qui
482 2481 640 2565 inscriptus
660 2491 703 2546 ast
724 2482 867 2563 „Hennes
887 2479 907 2546 a
925 2480 1037 2563 Pasage
1058 2485 1093 2546 de
1107 2479 1276 2568 Longos«
1297 2483 1302 2492 '

197 2564 322 2636 continet
352 2566 488 2630 Oltioiom
515 2567 547 2633 S.
577 2568 692 2650 losephi
720 2567 886 2650 proprium:
919 2566 989 2630 hoie
1017 2567 1143 2649 hymnus
1177 2593 1270 2654 sopra

198 2651 310 2730 positus
333 2651 458 2714 insertos
480 2662 534 2717 est.
577 2652 714 2717 Ceterum
741 2662 842 2714 notum
869 2660 914 2714 est
943 2649 1052 2714 cultam
1080 2656 1173 2722 sancti
1200 2657 1268 2725 lesa

83 2755 87 2762 ¹
197 2735 307 2798 Christi
327 2735 439 2798 nutritii
460 2737 538 2817 apud
560 2736 728 2800 Catholicae
749 2735 940 2799 recentiorem
962 2755 1044 2800 esser
1074 2741 1169 2822 coapit
1189 2743 1270 2807 enim

197 2821 356 2901 propagari
378 2821 455 2882 cirea
477 2831 609 2903 tempora
631 2841 672 2886 so.
688 2821 765 2885 xvi.
807 2821 841 2882 ln
863 2820 999 2901 plurimis
1021 2823 1195 2887 calendariis
1217 2847 1272 2890 ve.

197 2906 283 2969 tostis
305 2905 485 2968 desiderator
505 2907 611 2971 lostam
634 2905 665 2970 S.
687 2904 821 2986 losephi=
842 2903 873 2968 in
896 2905 974 2967 ealce
997 2905 1270 2974 Bremldalhersta-

195 2989 276 3050 densi
305 2990 417 3056 adiecta
446 2999 490 3051 est
517 2991 656 3074 Legenda
684 2991 719 3050 de
747 2991 781 3054 S.
801 2989 923 3070 loseph,
950 2991 1003 3068 sed
1023 2993 1190 3060 adnotatum
1213 3007 1269 3058 Fen

194 3087 267 3129 arur»
280 3077 350 3130 beati
370 3077 460 3149 [areph
477 3078 505 3128 ira
522 3078 629 3132 ecclesia
649 3075 866 3161 Halterataeteuct'
884 3080 997 3134 noudum
1013 3093 1139 3138 serantur.

453 3345 637 3417 CCLXXI.
659 3421 660 3428 χ
693 3354 747 3420 De
766 3354 802 3422 S.
832 3354 1006 3424 Ioachtmo.

410 3491 436 3554 0
458 3499 541 3571 pater
562 3507 694 3556 sommae
700 3538 711 3570 ,
734 3489 880 3572 loachim,
903 3489 1036 3572 puellae,

406 3575 489 3652 Quae
510 3575 607 3638 Deum
629 3577 729 3641 clauso
751 3578 852 3658 gennit
874 3577 1001 3658 prodero,

404 3659 549 3726 Promona
570 3669 685 3728 nostras
706 3661 822 3728 domino
844 3661 996 3743 quercias,

615 3816 622 3825 ¹
709 3745 854 3827 Castaque
876 3754 954 3810 tota.

404 3878 471 3942 Seis
494 3883 563 3961 quot
582 3877 633 3944 hio
654 3879 749 3944 caecis
772 3877 918 3960 agitamur·
938 3875 1042 3960 undis,

405 3965 507 4028 Triste
528 3985 602 4045 quos
623 3964 721 4028 mundi
742 3981 824 4026 mare
845 3959 1002 4042 defatigat3
1040 4007 1043 4018 .
1249 3965 1271 4030 5

404 4049 472 4112 Seis
494 4058 564 4131 quot
584 4049 717 4112 adnectat
739 4047 864 4108 munos
886 4065 990 4110 carone

707 4129 825 4194 Proelia
846 4127 941 4196 nohis.

409 4267 471 4329 lam
496 4265 590 4332 sooria
611 4232 889 4346 iunctosouperura
911 4265 1051 4350 catervio,
