2858 4968
601 511 607 518 ,
711 451 818 528 tm

356 634 395 698 ιιι
415 653 435 698 ι
455 633 541 696 eres
560 629 646 696 mers
668 581 721 712 per
743 641 771 694 u
790 628 922 696 siuns„

243 707 259 788 s
355 718 575 799 Consequentur
597 715 683 778 liberi
702 715 779 780 siun
802 714 939 783 tuimsti.

354 852 575 936 clamemus
595 865 729 933 devotius
751 867 788 931 sd
810 877 838 930 te
860 870 1043 953 suspirsutrs
1081 889 1084 893 '

358 955 396 1020 Et
416 953 605 1020 uiisstuesius
627 965 656 1016 et
677 953 725 1036 pie
748 963 918 1033 precautes,

243 1041 246 1048 ’
355 1041 430 1104 Dete
452 1040 527 1122 qued
550 1037 675 1102 iuterirs
695 1038 773 1102 rusie
794 1039 956 1117 cogitantes

359 1125 513 1192 Gessimus
534 1122 665 1188 exterius
686 1141 775 1203 opere
795 1135 956 1202 presentes.

336 1275 504 1342 'Exuies
524 1273 616 1338 exilio
637 1291 739 1338 omues
760 1291 862 1338 sumus
883 1273 941 1354 deti

355 1365 413 1426 Pro
435 1369 587 1444 pareutum
603 1357 674 1422 vitis
696 1359 793 1440 gloria
815 1357 935 1439 prisuti,

353 1445 488 1510 Pursdisi
509 1443 617 1525 gaudio
638 1453 667 1504 et
687 1443 860 1520 exorbitati,

246 1563 250 1570 ·
355 1531 422 1596 'l'ue
445 1527 584 1622 beneficio
604 1547 707 1592 sumus
725 1529 864 1612 reparati.

356 1681 452 1746 Filii
474 1678 595 1764 suspirii
616 1679 739 1760 predere
760 1689 903 1759 eoguntur

352 1766 454 1832 Mundi
476 1785 529 1848 pru
551 1763 673 1828 miseris
692 1785 746 1844 per
766 1783 853 1846 quam
876 1761 1080 1846 involvuntur,

353 1855 397 1916 sd
419 1853 556 1914 dumuuts
577 1849 648 1913 vitis
669 1867 758 1929 saepe
778 1849 962 1928 ditaremur,

355 1935 414 2000 Sed
428 1933 638 2011 ¹misericordis
657 1943 708 1996 tus
728 1932 899 1996 iuieiuutur.

351 2089 453 2152 Esse
475 2086 590 2168 lapsum
613 2083 710 2148 iutuiit
725 2085 863 2147 damnum
884 2085 1070 2166 desperatum

351 2174 390 2235 Et
410 2189 430 2234 ιι
451 2171 536 2234 uubis
556 2169 676 2232 abstulit
695 2169 835 2250 gaudium
858 2170 974 2232 besdum
1177 2239 1182 2258 .

352 2259 393 2319 de
413 2265 481 2338 pest
501 2255 595 2318 Ειιιιι
616 2255 738 2316 eontulit
758 2252 866 2333 virgini
890 2253 1088 2335 iuuuruuturu,

350 2341 418 2421 Qus
438 2351 561 2403 mertem
581 2339 700 2402 sustulit
719 2337 805 2400 diluit
825 2349 987 2417 perustum.

351 2493 403 2555 td
423 2501 461 2554 ts
481 2491 608 2556 eismuut
628 2489 738 2586 iupiter
758 2489 800 2552 tui
822 2485 999 2552 temuhmes
1020 2455 1029 2476 ι

251 2569 255 2586 “
351 2577 389 2639 iit
410 2577 440 2637 iu
462 2586 489 2638 te
511 2575 635 2638 fideliter
656 2594 760 2638 omues
778 2573 963 2653 suspirantes
1057 2623 1059 2628 ,

351 2661 546 2741 iuvsmeuqus
567 2669 648 2722 tuum
672 2658 797 2739 benigue
820 2667 971 2740 preeuntes

348 2745 432 2824 Ques
453 2744 680 2810 misericorditer
699 2743 806 2806 sudiss
826 2751 976 2823 regentes.

351 2895 599 2976 suspiremus
620 2891 867 2958 imbuerentur
887 2913 941 2974 pre
960 2849 1110 2974 perustis⁸
1233 2959 1244 2971 ,

351 2981 389 3042 Et
409 2979 517 3040 uestris
537 2978 697 3042 sceleribus
717 2997 771 3060 per
796 2999 854 3042 ιιιι
881 2979 1056 3059 perpetretis

350 3063 409 3128 Sed
433 3063 464 3124 iu
484 3073 512 3124 te
534 3061 705 3126 eouiidimus
728 3073 822 3125 mater
843 3061 976 3144 pietatis,
1032 3115 1055 3128 .,

349 3149 426 3214 Vere
448 3145 661 3227 poenitentibus
681 3147 796 3212 renium
818 3149 857 3210 ds
878 3146 981 3227 gratis.

348 3300 548 3363 Gemeutes
562 3298 720 3361 resedimus
738 3297 819 3360 meis
839 3307 986 3361 retroneis

348 3386 433 3462 Ques
455 3382 554 3465 inique
575 3382 722 3464 gessimus
743 3389 840 3448 meuts
861 3401 921 3445 uem
939 3391 1040 3448 ιιιιῑι
1061 3435 1066 3444 ,
1138 3405 1141 3412 ·

347 3469 406 3531 Sed
428 3468 460 3530 iu
481 3478 510 3530 te
531 3467 703 3530 eeufldimus
724 3475 818 3530 ruster
840 3467 948 3531 iutsets

313 3563 317 3568 “
346 3553 387 3618 Ut
407 3571 427 3617 ιι
448 3562 475 3615 te
496 3570 570 3634 quse
592 3551 719 3633 petimus
747 3551 807 3615 siut
829 3551 860 3614 iu
880 3552 965 3616 uubis
987 3551 1083 3620 issu·

348 3689 393 3752 Et
412 3687 557 3752 ileutes
576 3685 725 3749 duieriirus
742 3696 837 3749 meute
859 3688 1040 3768 venemur,

348 3775 462 3836 Lumeu
482 3771 593 3834 uostris
611 3773 748 3834 serdibus
775 3771 894 3834 iuiuude
919 3773 1043 3834 ieeuuds

345 3857 490 3921 Vitiorum
511 3857 648 3920 serdibus
666 3855 794 3938 benigna
816 3859 944 3920 emuuds

343 3943 435 4023 iunge
455 3961 509 4004 uus
536 3939 710 4006 eoelestibus
730 3939 829 4004 steria
858 3941 992 4008 ineunda.

345 4075 475 4138 tu'hue
495 4075 599 4138 ιιιΙΙι
621 4073 758 4138 miserius
780 4075 902 4138 multum
925 4077 1080 4140 teretrum

344 4157 505 4222 flemiuum
525 4168 594 4222 suut
614 4177 724 4241 gruere
740 4159 864 4222 muitum
882 4161 1012 4238 dertusa,

346 4242 421 4306 Nem
442 4263 543 4306 eurum
563 4263 654 4326 opere
673 4254 741 4308 suut
761 4243 933 4326 ceutegiess

344 4329 468 4408 Propter
489 4327 566 4393 isets
584 4329 698 4394 seelera
716 4337 744 4391 et
765 4329 966 4412 uppmbriese.
