2832 4978
610 393 983 507 '316va

294 597 360 661 Hoo
381 603 425 657 est
444 613 550 662 nomeu
570 593 731 660 annulum
750 591 815 658 iure
836 611 925 672 sopor
946 591 1060 669 ommia,

293 681 408 744 Nomen
430 681 502 742 mire
523 677 724 758 formidatum,
744 675 879 758 effugans
899 676 1066 740 daemonico

294 766 484 830 adsalutem
503 763 590 826 nobis
609 765 707 828 datum
727 761 826 828 diviua
845 761 1010 826 clemenstia.
1238 763 1279 830 15
1310 829 1313 832 ,

175 969 177 978 ,
265 882 266 890 ¹
295 900 409 964 Nomen
430 921 501 982 ergo
523 911 581 962 tarn
603 901 719 962 boatum
742 916 915 964 veneremur
935 898 1068 976 cernui„

291 1851 371 1915 Meu.

294 983 340 1048 Sir
362 987 391 1048 iu
413 988 498 1046 corde
520 986 563 1048 sic
584 979 730 1047 firmatum
751 985 825 1064 quod
848 1003 905 1043 non
927 981 1020 1064 possit
1041 983 1124 1062 erui,

294 1071 335 1139 Ut
355 1070 387 1134 iu
407 1071 495 1136 coelis
516 1079 688 1157 potestatum
711 1071 881 1150 copulemur
897 1068 1001 1133 coetui.

642 1190 837 1207 n—-—-'

293 1207 374 1273 Mon.
455 1246 459 1272 t

457 1397 622 1464 ccch.
671 1407 726 1471 De
752 1405 874 1491 Spicea
895 1403 1031 1470 Corona.

311 1545 413 1622 Pange
433 1542 536 1622 lingua
557 1541 679 1622 gloriosi
700 1561 836 1605 eoronam
858 1541 1044 1617 certaminis,

311 1629 414 1708 Pange
435 1645 543 1708 poenas
565 1627 690 1707 speciosi
710 1625 816 1690 sumni
837 1626 898 1690 nati
920 1626 1038 1708 inclyti,

313 1714 372 1792 Qui
393 1732 448 1775 uos
468 1721 576 1794 purgat
596 1713 716 1798 pretiosi
737 1713 814 1784 nuda
834 1711 882 1790 spi
903 1709 1057 1793 sauguinis
1078 1719 1132 1774 etc.

491 1933 495 1942 ¹
590 1933 897 1950 w

429 2009 612 2078 ccccm.
661 2019 704 2082 Ia
724 2019 823 2082 Festo
843 2017 879 2082 S.
900 2015 1062 2083 Locren.

312 2155 414 2233 Pange
435 2153 538 2234 lingua
560 2152 706 2233 gloriosae
726 2152 845 2215 lanceae
867 2151 1071 2235 praeconium,

312 2241 371 2328 Per
392 2256 478 2316 quam
499 2238 583 2298 uobis
603 2241 720 2321 copiose
740 2257 856 2302 sacrum
877 2237 963 2299 flrrxit
984 2237 1150 2314 lavacrum,
1213 2300 1217 2309 ,

312 2323 406 2420 Passa
428 2321 544 2402 Christo
565 2323 699 2386 dolorose
721 2343 774 2404 pro
796 2323 890 2385 saluta
910 2321 1052 2404 gentium.
1141 2377 1149 2390 ,

313 2459 408 2526 Hasta
427 2453 499 2520 uitet
516 2457 684 2538 margaritis
702 2457 790 2524 uinis
813 2457 1047 2532 coruscantibus,
1133 2471 1136 2480 ⁴

311 2545 415 2606 Mororc
435 2543 562 2622 gemmis
582 2543 729 2623 insignitis
749 2544 892 2624 sanguiue
915 2541 1119 2604 vernantibus:
1252 2543 1296 2603 ὁ.

312 2627 483 2692 Mouiauuu·
502 2626 594 2690 armis
615 2629 680 2692 ictio
700 2627 790 2690 coelis
810 2626 1052 2692 exclamantibus.

309 2762 413 2826 Dulcis
433 2763 534 2840 hasla,
555 2763 633 2825 latos
653 2763 707 2824 Dei
729 2773 757 2824 te
779 2763 901 2844 replerit
921 2760 1083 2842 sauguine,

309 2847 413 2913 Dulcis
434 2859 534 2911 moero
554 2869 608 2930 per
628 2867 679 2909 eor
697 2847 754 2917 Dei
774 2847 901 2911 volvitur
921 2849 952 2910 in
969 2843 1103 2922 flumine,
1132 2887 1134 2894 ι

310 2931 361 2994 Sic
382 2933 533 2995 solvantur
553 2952 654 2995 omues
674 2934 719 2994 rei
739 2942 817 2995 tauto
837 2933 895 2996 Dei
914 2951 1045 2995 munere.

311 3071 414 3130 Armat
434 3067 520 3130 hasta
540 3067 683 3146 viatores,
703 3063 740 3134 ue
760 3069 935 3148 frangantur
955 3067 1065 3144 toedio,
1231 3066 1273 3130 ltl

310 3153 414 3212 lllrrerc
436 3152 514 3213 lavat
536 3164 701 3232 peccatores
722 3153 753 3214 iu
774 3153 896 3215 ferventi
917 3151 1023 3226 florui03

309 3237 496 3298 Roborautur
517 3237 672 3298 bellatores
692 3257 729 3299 ue
750 3247 837 3300 ruant
855 3237 886 3298 in
907 3235 1030 3318 proelio.

309 3373 484 3451 Imperator,
506 3371 642 3451 splendor
664 3373 772 3455 patrio,
793 3394 860 3438 cum
881 3373 974 3436 clavis
995 3382 1024 3436 et
1044 3371 1164 3449 laurea,

234 3529 241 3546 ¹
308 3455 452 3518 Mundum
475 3468 580 3536 purgat
600 3477 619 3519 a
639 3460 765 3539 pereatis
786 3480 839 3541 pro
860 3478 914 3520 sua
935 3457 1103 3522 clementias

309 3539 415 3620 Saloe,
437 3549 534 3606 tautae
554 3541 671 3624 pietatis
691 3543 803 3607 infinita
823 3545 930 3624 gratia
1229 3539 1269 3602 15

287 3677 361 3758 Lps.

279 3853 478 3926 OCOGLII.
529 3861 572 3926 In
599 3863 698 3930 Festo
726 3863 926 3946 stigmatum
951 3861 988 3928 S.
1004 3859 1190 3934 Fronco'wt.

287 3997 393 4061 Crocia
404 3997 525 4064 ¹Glrristi
546 4019 631 4064 mono
649 4001 784 4098 Aloerne.
799 4011 932 4064 recenset
949 3995 1089 4081 mysteria
1109 4008 1163 4063 oto.

289 4133 341 4198 10.
360 4135 406 4196 Ad
427 4157 512 4216 quaem
532 4135 611 4198 veuit
631 4157 686 4200 rex
706 4139 742 4199 de
761 4138 843 4199 eaelo
863 4133 969 4198 amictu
992 4131 1163 4217 serapnim,
1289 4171 1296 4210 χ

285 4217 349 4278 Sex
370 4217 485 4286 alarum
505 4231 596 4294 &aas
616 4222 697 4299 volo,
715 4223 853 4302 olspooto
874 4219 1010 4300 pacifico,

286 4301 459 4384 Minusque
481 4306 577 4368 enucis
594 4306 654 4378 tals
676 4315 806 4392 portento
827 4303 960 4372 aiaton
