2836 4976
732 407 868 512 aa

710 589 819 662 XXX.
900 586 914 604 ‘¹

539 735 689 822 Hymnus
709 734 755 799 ad
775 734 988 800 Norensem.
1044 769 1048 778 ·

225 875 309 940 Dens
329 868 378 954 qai
400 867 486 934 een-tis
507 867 625 950 legibus
787 869 891 934 Hostis
910 889 947 932 na
968 867 1062 931 fallax
1085 864 1184 928 incitet

129 957 131 964 ’
224 961 347 1024 Noctem
367 953 508 1021 discernis
528 973 563 1016 ae
583 953 675 1037 diem,
788 953 926 1018 Lasoiris
946 953 1041 1032 enda,
1062 951 1195 1034 gaudiis,
1258 945 1300 1013 10

225 1046 266 1108 Ut
286 1045 366 1107 sessa
386 1042 465 1106 amis
487 1057 611 1121 corpora
788 1039 909 1102 Secreta
928 1039 1021 1101 nortio
1041 1039 1187 1100 advocans
1254 1069 1257 1076 .

225 1130 353 1194 Samum
374 1129 490 1192 relaxet
508 1125 578 1190 otio.
787 1125 916 1188 Biandos
937 1125 968 1188 in
987 1131 1085 1186 aestas
1106 1117 1248 1201 armeris.

224 1299 271 1362 'l'e
296 1299 390 1362 noetis
410 1295 486 1368 inter
504 1290 640 1356 horridae
715 1292 736 1355 5
788 1295 933 1376 Subrepat
955 1291 1054 1356 nuiins
1075 1288 1176 1353 sensui

224 1384 358 1462 Tempus
373 1399 537 1462 precamur,
552 1387 593 1456 nt,
605 1395 695 1457 sopor
786 1379 901 1444 Horror
921 1378 1035 1440 timeris
1055 1375 1155 1454 anxii,

223 1467 353 1530 Mentem
368 1467 436 1529 dam
454 1465 565 1526 fessam
577 1461 694 1542 detinet,
785 1465 893 1530 llindat
913 1471 1038 1526 mentem
1058 1479 1112 1523 nan
1132 1475 1240 1539 ragam
1256 1455 1297 1520 lt

222 1551 307 1616 Fidei
327 1551 382 1616 lnx
402 1547 556 1614 illuminet.
785 1549 894 1614 Fallax
915 1548 1014 1630 imago
1033 1545 1160 1610 visuum.

520 1716 580 1778 Sed
603 1736 671 1779 eum
691 1715 853 1798 profundus
872 1716 1000 1780 vinxerit

522 1801 651 1864 Somnos
669 1819 805 1866 aurarum
825 1803 960 1881 naseins,

519 1885 610 1951 Fides
631 1907 815 1970 nequaqnam
836 1888 977 1968 dormiat,

519 1969 603 2054 ng
624 1980 652 2034 te
674 1993 779 2036 semus
800 1972 935 2038 somniet.
1014 1992 1017 2003 ·
1252 1962 1302 2064 20Ι

668 2107 791 2115 Q·-

307 2183 487 2248 'l'homaains
513 2185 564 2248 Ex
592 2184 664 2249 coo.
689 2183 768 2265 Reg.
794 2185 930 2272 Sneciaa2
968 2183 1146 2250 Aurelianus
1171 2177 1301 2262 Episem-

219 2291 277 2354 pns
297 2269 330 2330 in
351 2288 406 2331 sua
419 2269 538 2350 Regula
549 2269 585 2332 ad
601 2269 824 2334 Lucernarinm.
866 2271 939 2336 Vide
958 2265 1091 2336 Brevinr.
1104 2267 1296 2338 Monarabam

219 2379 250 2438 p.
280 2355 353 2418 107.
380 2352 513 2416 Continet
540 2362 692 2435 praeterea
719 2356 782 2420 aod.
817 2355 853 2421 Ο.
881 2389 925 2404 --
957 2356 989 2420 t.
1017 2355 1126 2420 Thom.
1163 2369 1295 2416 somne

219 2439 374 2502 relaxat
401 2435 478 2500 etio
506 2437 594 2504 Brer.
621 2437 700 2502 Mer.
728 2459 879 2506 somnus
904 2441 1054 2506 relaxet
1075 2437 1201 2502 otium.
1243 2432 1297 2500 10.

219 2525 328 2588 Thom.
349 2541 449 2586 eura.
472 2521 543 2586 '120
565 2523 601 2590 0.
623 2521 785 2589 blandus
807 2521 850 2590 in¹
866 2527 943 2590 isto
965 2517 1141 2608 torpore.
1185 2519 1235 2588 lo.
1257 2519 1294 2585 0.

218 2607 333 2674 visui·
374 2608 426 2676 ²⁰·
449 2607 484 2676 οι
505 2607 666 2692 vigilie·
712 2644 718 2658 '

610 2797 911 2814 --·—-··-——-·-

689 2923 814 3010 xxm.

413 3097 415 3100 ·
526 3061 676 3148 Hymnus
703 3067 750 3132 ad
770 3067 984 3133 nectaream.

213 3194 331 3260 Mediae
351 3192 445 3258 noetis
465 3203 580 3278 tempos
602 3207 663 3278 est,
777 3200 859 3266 Haec
879 3203 953 3264 hora
973 3199 1058 3266 iustis
1079 3199 1160 3279 salua
1182 3208 1243 3280 est,

211 3279 386 3362 Prophetica
406 3301 466 3342 vox
484 3284 635 3345 admonet:
777 3285 861 3364 Quod
883 3288 989 3350 ibidem
1011 3283 1081 3348 tnne'
1098 3285 1224 3362 angelus

212 3365 354 3427 Dieamns
376 3363 476 3428 laudes
498 3366 613 3429 domina
776 3373 875 3436 Anisus
897 3371 999 3451 prrnire
1020 3391 1078 3432 non
1099 3379 1162 3430 erat
1250 3373 1292 3434 15

211 3449 294 3514 Patri
316 3467 432 3528 semper
452 3468 488 3512 aa
507 3449 579 3517 filio.
776 3457 902 3538 Signum
914 3454 1073 3518 sormidam
1084 3451 1249 3536 anagninis.

99 3619 103 3624 ’
213 3617 322 3682 Sancto
345 3639 457 3700 qnoque
479 3618 609 3699 spiritnie
706 3626 727 3688 5
777 3625 929 3707 Aegyptus
951 3625 1038 3688 flebat
1058 3623 1173 3686 fortiter
1266 3629 1269 3636 '

212 3703 347 3768 Perieetn
368 3710 446 3766 enim
467 3705 618 3787 Trinitas,
777 3711 919 3772 Natarum
941 3709 1149 3782 diminuere,

212 3789 364 3869 Unirrsqor.
386 3791 565 3854 substantiae
777 3794 866 3856 Solae
886 3793 1033 3871 gaudebat
1052 3791 1145 3851 lsrael

212 3873 373 3938 Laudanda
392 3874 475 3938 nobis
497 3895 613 3959 semper
630 3885 684 3940 est.
775 3875 853 3954 agni
874 3885 1019 3956 protentus
1041 3875 1196 3954 sangnine.
1246 3881 1292 3944 20

211 4043 369 4108 Terrorem
383 4045 681 4124 tempashaohahet,
774 4042 836 4103 Neo
856 4059 943 4104 veros
963 4043 1055 4106 israel
1078 4064 1196 4126 sumas,
1269 4081 1272 4088 ‚

210 4129 296 4206 Quod
311 4150 378 4196 cnm
391 4137 521 4190 vastator
536 4127 659 4206 matins
683 4126 724 4190 10
772 4126 928 4188 laetemur
945 4124 976 4190 in
998 4139 1024 4190 te
1046 4131 1181 4207 domine,
1287 4145 1295 4161 ·

210 4215 345 4294 Aegypto
365 4218 473 4272 mortes
493 4211 606 4289 intulit,
772 4210 896 4282 Hostem
905 4225 1076 4296 spernentes
1088 4215 1243 4296 etmalarn,

209 4293 326 4360 Delerit
347 4291 553 4374 primogenita.
773 4293 882 4360 Christi
904 4301 1045 4387 redempti
1066 4301 1220 4383 sangnine.
