2864 4974
672 428 769 514 ltttt
817 439 821 450 '

127 641 130 650 =
190 609 280 689 Liber
301 589 625 693 seriptna'proleretur,
743 614 830 674 Liber
852 611 979 692 scriptus
1001 565 1069 674 iano
1089 609 1228 690 donetur,

192 695 225 756 ln
247 717 303 775 qno
324 705 414 757 totum
434 697 595 758 continetur
653 761 657 776 ,

69 788 75 803 “
191 778 275 841 Unde
297 783 420 843 mundns
442 779 590 848 indicetur.

743 699 774 760 lu
798 718 853 778 utto
876 707 966 758 totum
988 697 1150 760 continetur

744 783 826 846 Unde
849 783 972 844 mondus
994 781 1169 850 indicetur!

193 931 283 994 lodex
305 951 376 1012 ergo
398 953 463 996 eum
485 931 595 996 sedebit
643 997 648 1008 ,
744 935 836 998 lodex
858 955 929 1015 ergo
949 955 1015 996 enm
1034 912 1144 997 sedebit

141 1020 164 1038 ⁸*
192 1017 337 1098 Quidquid
360 1018 429 1080 latet
449 1019 601 1100 apparebit

192 1101 244 1164 Nil
264 1101 404 1165 incultum
426 1104 593 1171 remanebit.

121 1239 124 1246 “
170 1255 272 1334 ’Quid
293 1275 359 1318 sona
378 1256 469 1320 miser
496 1267 557 1318 turn
578 1255 707 1319 diotnrns

195 1341 290 1418 Quem
313 1351 465 1422 patronum
487 1352 644 1422 rogaturus

194 1425 295 1504 Quom
321 1446 375 1487 nee
401 1425 496 1512 iustus
516 1427 555 1489 sit
577 1446 707 1489 seonrns.

93 1577 96 1590 ¹
195 1579 265 1642 Rex
286 1578 450 1640 tremendae
470 1577 629 1642 maiestatis

196 1663 253 1740 Qui
277 1664 431 1728 salvandos
453 1664 551 1728 salros
572 1665 665 1744 gratis

198 1747 289 1812 Salva
308 1768 355 1810 ane
375 1749 442 1810 lons
464 1749 587 1831 pietatis.
602 1747 636 1828 a)

199 1903 367 1966 Recordare
389 1902 455 1966 loeo
476 1901 524 1982 pie

199 1989 285 2064 Quod
306 1986 362 2050 sinn
383 2006 472 2050 eausa
494 1999 560 2048 tuae
582 1985 646 2048 riae

198 2071 244 2137 Ne
263 2091 311 2134 nra
332 2073 437 2168 perdas
458 2071 509 2134 illa
530 2070 586 2136 die.

344 2173 353 2208 i

101 2269 105 2272 -
134 2182 136 2190 i
201 2222 354 2302 Quaerens
373 2244 419 2286 nne
441 2222 545 2286 uenisti
568 2205 682 2304 lassus,

202 2308 362 2372 Redemisti
383 2328 467 2370 ernee
489 2327 594 2389 passus

203 2393 318 2456 'l'antus
339 2394 422 2456 labor
442 2414 501 2456 non
522 2395 561 2457 sit
581 2412 692 2459 cassus.

202 2543 280 2608 lusto
301 2545 387 2608 index
407 2545 524 2609 ultionis

202 2629 318 2694 Donum
339 2633 386 2693 lae
406 2631 586 2695 remissionis

202 2720 279 2778 Ante
299 2716 377 2778 diem
397 2716 526 2782 rationis.

204 2867 368 2948 lngenaisoo
390 2878 526 2949 tanquam
548 2887 618 2930 rene

204 2951 300 3032 Culpa
321 2955 403 3013 rubet
424 2953 522 3014 vultos
542 2973 626 3016 mens

183 3035 385 3117 ‚Supplieanti
406 3053 494 3118 pareo
515 3035 619 3101 Danas

204 3185 264 3264 Qui
285 3187 412 3250 Mariam
432 3187 585 3250 absolvisti

114 3307 118 3312 ·
204 3272 243 3336 Et
264 3271 406 3336 latronem
425 3272 566 3337 exaudisti
634 3273 636 3278 ’

204 3355 284 3428 Mihi,
303 3378 414 3444 quoqne
434 3377 518 3440 ¹sporn
538 3357 651 3422 dedisti.

189 3511 311 3586 ¹Preces
333 3531 414 3574 meae
440 3532 498 3574 non
524 3523 590 3575 sunt
611 3510 717 3596 dignae

66 3665 72 3674 ¹
175 3671 179 3688 Ι
205 3594 264 3658 Sed
285 3605 316 3660 tn
338 3597 410 3658 bone
431 3597 478 3659 lae
497 3597 649 3678 benigno*

205 3679 250 3743 No
273 3683 392 3766 perenni
415 3701 526 3750 cremer
544 3683 623 3766 igne.

208 3833 285 3898 lnter
305 3857 375 3906 oves
396 3836 491 3904 loeom
514 3847 630 3924 praesta

207 3919 247 3981 Et
265 3921 303 3983 ab
323 3923 426 3986 baedis
447 3943 493 3984 ono
514 3931 665 4002 sequestra

208 4001 345 4071 Statuens
359 4005 409 4087 bl)
432 4007 461 4068 in
485 4017 565 4088 parte
587 4005 699 4074 dextra.

274 4253 306 4324 *)
324 4256 403 4314 Cant·
420 4261 486 4328 tter.
506 4261 644 4315 bonitatis.

256 4355 304 4430 **)
322 4359 399 4415 Cant.
416 4363 480 4430 llsg.
509 4381 552 4416 aas
569 4363 650 4418 loest.

748 1021 890 1102 Quidquid
913 1021 982 1082 latet
1003 1018 1181 1100 comparebit

747 1103 798 1170 Nil
819 1105 958 1167 incultum
979 1105 1149 1168 remanebit.

748 1256 825 1334 Quia
848 1275 914 1318 snm
935 1254 1024 1322 miser
1045 1266 1111 1320 tuno
1130 1258 1260 1322 diotnrus

749 1345 843 1420 Quom
866 1351 1019 1422 patronum
1038 1352 1196 1421 rogaturos

749 1428 827 1492 Dum
849 1428 907 1514 rix·
923 1427 1018 1488 iustus
1038 1427 1075 1491 sit
1096 1447 1225 1496 securus.

749 1580 818 1644 aex
838 1579 1001 1642 tremendae
1022 1567 1182 1660 maiestatis

751 1664 807 1742 Qui
826 1665 984 1726 salvandos
1006 1665 1104 1726 saluas
1127 1663 1219 1744 gratis

750 1749 842 1812 Salva
862 1771 909 1812 rue
929 1751 995 1844 lons
1016 1749 1141 1842 pietatis.

754 1902 922 1966 Recordare
944 1901 1039 1974 lesum
1061 1901 1109 1982 pie

753 1987 813 2065 Qui
834 2007 899 2050 earn
921 2005 1010 2048 oanse
1030 1997 1095 2048 tuae
1113 1985 1181 2049 riae

753 2073 798 2134 Ne
820 2091 867 2134 rna
886 2071 992 2154 perdas
1011 2069 1065 2134 illa
1081 2071 1150 2136 'dia'

756 2223 909 2302 Quaerens
926 2241 974 2284 nne
993 2221 1075 2286 luisti
1097 2224 1200 2305 lapus

756 2307 916 2370 Redemisti
939 2327 1023 2370 ernoe
1046 2327 1151 2390 passus

756 2393 872 2458 Tantos
893 2389 977 2490 labor
994 2413 1052 2455 non
1073 2393 1111 2456 sit
1130 2393 1237 2460 lassus.
1282 2487 1288 2496 .

757 2547 835 2608 inste
854 2544 943 2607 index
964 2543 1083 2607 ultionis

755 2631 872 2694 Donnrn
893 2631 941 2692 lae
961 2629 1142 2694 remissionis

755 2717 830 2780 ano
851 2715 928 2780 diam
948 2715 1080 2781 rationis.

756 2867 920 2948 ingemiseo
942 2877 1079 2948 tanquam
1100 2854 1168 2931 re'ns

758 2951 854 3034 Culpa
874 2955 956 3014 rubet
978 2953 1179 3016 vultuatum

757 3037 942 3120 Supplieanti
963 3055 1051 3118 parm
1073 3037 1163 3102 Dens.

758 3189 816 3267 Qui
836 3189 964 3252 Mariam
985 3187 1133 3254 absolvisti

756 3273 795 3336 Et
815 3273 956 3338 latronem
978 3274 1135 3338 ernendtsti

757 3359 833 3422 Mihi
854 3377 965 3441 qnoque
984 3379 1070 3442 spana
1091 3358 1203 3427 dedisti.

759 3511 866 3574 Preees
892 3531 975 3574 meae
996 3533 1053 3576 uon
1080 3521 1147 3574 sunt
1166 3511 1272 3595 dignae

759 3597 817 3658 Sed
840 3607 869 3659 tu
893 3599 983 3660 bonas
1004 3600 1051 3660 lue
1073 3597 1197 3676 benigne

759 3681 804 3745 Ne
824 3683 941 3764 perenni
964 3700 1076 3748 cremer
1095 3682 1174 3764 igne.

733 3819 738 3844 ⁸
759 3835 837 3896 luter
858 3853 928 3896 ores
949 3835 1044 3896 loonrn
1066 3845 1183 3918 praesta

761 3919 800 3981 llt
821 3919 858 3979 ab
880 3918 980 3980 baedis
1002 3937 1049 3980 me
1071 3931 1221 4002 sequestra

760 4003 897 4068 Statneus
919 4002 948 4066 in
970 4013 1050 4084 parta
1071 4007 1184 4084 deutra.
