2836 4976
237 463 266 516 X

236 642 269 702 et
288 631 475 699 Monacensi
498 629 730 718 antiquissimas
760 631 961 699 membranas
991 632 1150 723 inspicere
1173 645 1209 701 et
1232 633 1305 702 utre

234 735 325 824 genti
350 757 444 803 manu
478 755 606 801 rcrsuro
633 755 696 798 non
727 732 823 800 licuit
873 734 942 802 Sed
969 736 1001 801 ni
1031 735 1125 802 failor
1150 735 1238 804 murti
1271 739 1305 804 in

236 838 361 928 hymnis
374 851 463 907 recte
484 833 713 903 constituendis
740 833 829 902 libris
847 859 942 903 mann
956 838 1081 928 scriptis
1095 839 1222 905 nimium
1248 841 1304 906 tri-

234 939 345 1006 buunt.
404 939 488 1006 Nam
521 939 679 1004 breviaria
703 936 917 1030 dioecesana,
955 961 1038 1027 quac
1068 941 1155 1007 circe
1186 963 1304 1008 annum

234 1041 301 1108 Mu
326 1040 409 1130 typis
436 1039 597 1129 descripta
618 1050 708 1118 sunt,
735 1061 755 1105 e
781 1040 1022 1128 diligentissima
1038 1063 1165 1121 eorum,
1190 1043 1245 1130 qui
1270 1043 1304 1110 iu

232 1141 373 1210 dioecesi
414 1142 599 1220 exstabant,
646 1140 741 1209 codd.
779 1163 920 1210 manusc.
960 1145 1198 1234 comparatione
1227 1129 1314 1233 pro—¹

17 1267 18 1274 ¹
149 1227 154 1246 ⁸
233 1245 318 1312 secta
349 1257 440 1324 sunt,
477 1257 512 1311 ut
543 1243 601 1310 bos
635 1241 721 1332 ipsos
753 1241 955 1311 auctoritate
976 1245 1003 1311 si
1036 1267 1098 1312 non
1139 1267 1302 1334 superare,

231 1359 322 1414 certo
347 1367 488 1434 aequare
510 1345 585 1410 mibi
616 1344 791 1412 videantur.
852 1345 944 1412 Idem
977 1347 1061 1414 raiet
1091 1346 1134 1413 dc
1166 1349 1302 1437 antiquis

232 1461 268 1516 et
290 1449 518 1516 recentioribus
536 1448 724 1537 hymnorum
758 1447 1013 1533 collectionibus,
1048 1449 1143 1516 veluti
1161 1449 1302 1517 Cassan·

232 1551 292 1618 der
307 1551 423 1618 multos
438 1549 532 1616 codd.
549 1551 748 1631 Germanos,
774 1550 1000 1618 enchrovaens
1028 1549 1188 1633 Gallicos,
1210 1552 1301 1620 'Pbo-

148 1683 150 1690 >
233 1655 350 1722 masius
370 1651 470 1722 Italos
495 1651 640 1741 inspexit

550 1901 610 1988 A.
672 1901 834 1988 (todi
849 1927 876 2016 c
894 1927 918 1988 c
936 1927 973 1988 s·

216 2069 242 2086 '⁴
330 2067 371 2158 Ι)
398 2071 479 2137 Anni
513 2071 833 2140 MDcccxxxlx.
867 2083 1037 2140 auctumno
1067 2097 1162 2162 quum
1196 2073 1298 2140 Dres-

231 2166 294 2238 dae
320 2193 552 2253 commorarer,
578 2175 734 2240 breviaria
757 2175 788 2240 in
814 2175 1006 2242 bibiiotbeca
1021 2178 1112 2264 regia
1136 2187 1298 2246 asservata

231 2269 312 2352 adii,
337 2295 433 2362 quum
457 2273 548 2341 buius
573 2273 618 2340 rei
638 2277 899 2366 exoptatissimae
924 2279 1050 2344 occasio
1084 2277 1157 2342 mibi
1189 2277 1298 2345 oblata

230 2385 329 2442 esset.
378 2375 522 2444 Primum
544 2377 607 2444 adii
621 2379 809 2445 breviarium
830 2379 924 2458 itud,
945 2379 1030 2469 qdod
1046 2380 1213 2467 catalogus
1229 2401 1297 2446 mu·

231 2497 320 2544 nnsc.
336 2479 394 2543 sub
409 2479 500 2544 titulo
514 2486 549 2546 Α.
560 2481 637 2546 Ι147
656 2481 770 2562 babet,
795 2505 890 2570 quum
904 2482 936 2548 id
957 2505 995 2548 ex
1011 2493 1160 2548 accurata
1185 2503 1296 2548 narra-

230 2577 317 2646 tione
332 2579 577 2648 Faickensteinii
604 2583 678 2649 mihi
693 2599 787 2651 antes
811 2586 1006 2652 innotuisset.
1056 2583 1122 2650 Sed
1145 2596 1201 2650 est«
1217 2583 1297 2650 iilud

230 2681 402 2749 florarium
417 2685 538 2773 potius,
565 2709 660 2772 quum
687 2687 781 2753 boras
803 2685 845 2752 de
859 2685 962 2752 Beata
983 2687 1131 2775 Virgine,
1158 2685 1199 2752 de
1220 2685 1295 2776 Spi—

229 2784 290 2849 ritu
306 2787 426 2876 Sancto
443 2799 503 2854 etc.
523 2788 691 2855 contineat.
723 2792 839 2855 -netas
856 2789 922 2854 eius
938 2789 1006 2854 sine
1019 2788 1116 2870 dubio
1133 2789 1295 2856 saeculnm

229 2885 302 2952 XV.
316 2889 365 2954 rei
380 2888 471 2954 XIV.
485 2913 546 2954 nou
561 2901 708 2979 superat,
726 2891 820 2977 origo
833 2901 937 2954 sutem
952 2891 978 2954 si
994 2911 1055 2954 non
1066 2891 1105 2953 ab
1120 2891 1188 2974 ipsu
1203 2888 1293 2954 dioe-

88 3059 90 3068 ,
169 3057 174 3072 ,
229 2989 293 3053 cesi
308 2989 459 3070 Memmi,
480 2989 567 3058 cerie
581 2993 621 3057 ab
636 2991 721 3057 affini
744 2991 847 3077 abiqun
872 2989 1044 3077 repetenda
1068 2987 1292 3057 videturesse.

156 3111 162 3128 ⁶
226 3090 380 3159 Picturae
409 3095 603 3183 marginales
626 3095 737 3181 quibus
774 3091 876 3158 codex
904 3091 1071 3178 insignitus
1096 3099 1144 3155 est
1171 3089 1291 3178 dignae

226 3205 299 3260 sunt
323 3194 363 3260 ad
388 3219 483 3284 ciras,
506 3197 693 3286 quicumque
719 3195 830 3260 harum
856 3213 961 3258 rerum
987 3191 1079 3282 periti
1105 3203 1196 3271 sunt,
1222 3193 1291 3260 ani-

224 3317 310 3362 mum
336 3296 513 3366 advertant
563 3293 630 3384 (Ι).
664 3291 718 3382 Ι.-)
1110 3303 1113 3310 “

322 3444 382 3537 Π)
412 3449 538 3517 Eodem
566 3449 598 3514 in
626 3445 816 3512 bibliotheca
853 3444 988 3512 aiterum
1027 3445 1131 3512 inveni
1165 3447 1288 3514 brevia·
1387 3493 1398 3505 .

221 3550 326 3632 rium,
349 3551 381 3618 in
410 3551 514 3616 indice
546 3549 605 3614 sub
631 3551 668 3616 A·
696 3549 770 3614 228
802 3561 963 3628 notatum,
995 3571 1033 3614 ex
1061 3549 1148 3616 libris
1171 3549 1288 3633 Crusii.

218 3653 296 3720 Hoc
322 3652 528 3725 breviarium,
554 3648 639 3738 quod
666 3649 769 3716 ordini
784 3649 1066 3721 Dominicauorum
1092 3652 1123 3716 in
1145 3673 1202 3719 usu
1219 3651 1288 3737 suit,

218 3777 258 3836 aa
278 3753 579 3822 commemoratione
593 3753 789 3842 quorundam
815 3765 1014 3832 sanctorum,
1039 3751 1124 3818 reiut
1139 3755 1173 3818 S.
1190 3751 1288 3820 stha-

141 3847 145 3854 ’
215 3851 286 3946 lac,
323 3863 471 3946 apparet,
509 3877 549 3920 cx
582 3855 717 3944 regione
746 3855 904 3923 Rbeuuua
932 3853 1096 3942 superiore
1128 3855 1287 3943 originem

215 3957 358 4024 traxisse.
410 3959 508 4022 Hunc
531 3967 637 4024 umen
661 3957 805 4024 codicem
839 3957 889 4023 vix
921 3955 1041 4022 initium
1063 3957 1183 4024 saeculi
1210 3957 1287 4028 XV.
1399 3977 1400 4000 ³

213 4043 397 4150 transgredi
423 4082 608 4148 persuasum
624 4059 738 4138 babeo.
787 4053 858 4152 (D.
882 4052 949 4146 2.)

316 4207 394 4301 111)
419 4209 546 4279 Eadem
580 4213 649 4279 fere
675 4213 757 4278 ratio
785 4222 835 4278 cst
868 4209 987 4280 codicia
1020 4209 1198 4289 chartacei,
1230 4219 1285 4302 qui

218 4306 314 4422 qninm
339 4309 499 4406 quondam
523 4315 555 4382 in
582 4313 774 4383 bibliotheca
799 4313 984 4384 monasterii
1006 4315 1041 4382 S.
1056 4315 1148 4384 Petri
1170 4315 1285 4388 urru-
