2836 4976
756 457 829 534 ’δί
944 477 948 492 “

254 635 385 700 Humum
403 632 487 698 iulus
508 635 667 714 producere
745 609 747 616 Ι
820 633 951 699 Humum
972 634 1055 699 iubes
1075 637 1236 720 producere

254 720 409 803 Reptautis
430 728 458 783 et
478 719 558 782 serae
579 739 685 802 genus.
732 795 735 802 ⁴
819 719 975 802 Raptoutis
996 729 1025 782 et
1045 722 1125 804 lenae
1144 745 1250 806 penus.

254 888 313 967 Qui
334 907 562 968 magnatorum
586 907 725 972 eorpora,
747 892 768 954 5
818 889 857 952 Et
877 907 987 969 magna
1007 909 1106 960 rerum
1128 911 1274 976 corpora,

253 975 342 1038 Dietir
362 973 488 1036 iubentis
508 972 621 1051 uirida,
817 973 904 1035 Dicta
925 973 1049 1037 iubentis
1073 976 1186 1057 uirida,

51 1047 55 1056 '
181 1091 185 1102 ·
253 1059 294 1122 Ut
316 1057 445 1121 serviant
467 1077 520 1138 per
541 1056 673 1122 ordinem
725 1077 730 1084 ·
818 1059 877 1120 Per
899 1067 1062 1138 temporum
1084 1072 1177 1126 certos
1199 1059 1283 1130 uices

253 1144 388 1208 Subdens
409 1143 513 1206 dedisti
532 1141 655 1208 homiui.
820 1143 1029 1224 obtemperare
1052 1147 1188 1214 seruulis.

252 1313 377 1395 Repello
398 1331 418 1374 a
440 1311 535 1375 seruis
557 1309 616 1372 tuis
818 1311 943 1391 Repelle
965 1313 1039 1392 quod
1062 1312 1205 1395 cupidinis

252 1397 397 1478 Quidquid
417 1415 471 1478 per
487 1393 699 1460 immunditiam
727 1394 769 1460 10
819 1395 920 1460 Gieuto
942 1395 971 1458 ui
992 1415 1046 1460 nos
1068 1397 1194 1479 impetit,

251 1480 461 1545 artemonibus
482 1502 514 1544 se
536 1480 670 1561 suggerit
817 1481 875 1544 Aut
896 1480 1026 1542 moribus
1048 1501 1080 1554 se
1101 1484 1242 1564 suggerit,

251 1568 312 1630 Aut
330 1566 445 1630 aolus
464 1585 497 1628 se
517 1565 674 1632 interserit.
816 1571 876 1630 Aut
895 1566 1007 1628 actibus
1027 1585 1060 1628 se
1079 1567 1237 1636 interserit.

152 1753 155 1758 '
250 1724 300 1798 Da
321 1733 495 1816 gaudiorum
515 1733 661 1816 praemia,
816 1733 864 1796 Da
885 1732 1058 1814 gaudiorum
1075 1737 1225 1818 praemio,

251 1820 299 1882 Da
320 1821 481 1900 gratiarum
502 1837 624 1884 munera
816 1817 864 1880 Da
885 1818 1049 1898 gratiarum
1070 1840 1192 1886 munera

251 1905 388 1968 Dissolve
409 1904 470 1967 litis
490 1905 627 1982 uinculo,
724 1905 766 1968 15
801 1902 953 1988 ,Dissolue
975 1902 1036 1966 litis
1056 1903 1190 1984 viuculo,

251 1987 409 2071 adstringe
429 1990 510 2071 paeis
532 1993 659 2056 foedera.
815 1987 974 2067 adstringe
995 1987 1077 2068 pacis
1097 1989 1226 2055 foedera.

549 2161 671 2224 Praesta
693 2164 777 2239 pater
797 2153 929 2236 piissima
951 2164 1005 2222 ete.

702 2310 876 2323 ιαμ-ψ

251 2475 277 2540 L
298 2475 315 2540 d
347 2391 507 2539 dllurlpilent
527 2387 597 2453 libri
619 2387 761 2472 hymnum
781 2385 871 2452 Faria
892 2395 977 2453 sexta
997 2387 1034 2453 ad
1054 2387 1212 2474 Vesperos.
1237 2421 1277 2436 ·-
1301 2389 1338 2456 6.

280 2497 326 2542 ιι.
372 2497 406 2540 ue
432 2498 460 2543 o.

642 2662 943 2680 m
968 2665 972 2672 .

752 2787 823 2857 LV.
874 2847 880 2858 r
919 2837 921 2842 -

483 2933 633 3022 Hymnus
654 2934 696 2997 de
715 2933 915 2999 Ascanione
943 2933 1088 2998 Damius·-

252 3075 375 3156 Optatus
394 3071 471 3134 uutis
495 3071 625 3135 omnium
812 3071 868 3134 Est
890 3071 1021 3138 elevatus
1042 3071 1167 3136 nubilus

250 3159 389 3220 Socratas
410 3156 511 3220 illuxit
531 3156 594 3218 dies
812 3157 851 3218 Et
871 3175 953 3235 spem
973 3155 1042 3218 feeit
1061 3155 1261 3240 credentibus,

250 3243 316 3321 Quo
338 3241 489 3323 Christus,
516 3240 615 3303 muuudi
635 3260 720 3322 spes,
812 3241 957 3319 Aperiens
979 3241 1157 3321 paradisum.
1289 3249 1338 3313 15

527 3327 625 3403 Deus,
813 3326 908 3403 Quem
922 3325 1118 3406 protoplastus
1130 3325 1288 3394 clauserat.

251 3409 426 3476 Conscendit
446 3411 543 3476 eaelum
564 3411 680 3475 arduos.

248 3583 417 3646 decendens
442 3581 475 3644 in
505 3580 597 3643 altum
617 3577 721 3641 Domi·
814 3577 839 3642 0
860 3577 970 3659 grande
993 3577 1103 3642 eunctis
1125 3578 1287 3659 gaudium!

526 3683 593 3744 nus,
741 3667 762 3729 5
813 3664 1288 3746 Quodpartusnostraeuirginis.

248 3751 402 3834 Propriam
412 3751 449 3813 ad
462 3751 560 3814 sedern
574 3769 721 3827 remeans,
811 3749 883 3812 Post
920 3759 1021 3829 sputa,
1063 3748 1173 3829 flagra,
1217 3761 1286 3829 post

250 3838 361 3900 Gavisa
381 3845 448 3900 sunt
468 3836 541 3897 eeeli
563 3855 656 3916 regna
1090 3853 1206 3896 erucem

248 3923 357 3986 Reditu
377 3921 530 4003 unigeniti.
812 3917 954 3981 Paternae
974 3916 1037 3980 sedi
1058 3916 1198 3998 iungitur.
1285 3919 1339 3987 20

249 4091 353 4174 Magni
374 4093 553 4171 triumphum
574 4085 697 4169 proelii,
812 4085 944 4165 Agamus
965 4102 1036 4164 ergo
1062 4083 1175 4164 gratius

248 4178 352 4242 Mundi
374 4185 522 4258 perempto
543 4173 690 4253 principe,
721 4167 762 4233 10
812 4169 936 4231 Nostrae
957 4165 1059 4232 salutis
1080 4167 1204 4248 vindici,

249 4262 346 4326 Patris
366 4269 532 4341 praesentat
551 4256 680 4317 rultilus
812 4255 950 4316 Nostrum
965 4253 1039 4334 qnod
1053 4275 1158 4336 eorpus
1169 4255 1288 4318 texerit

151 4365 158 4380 ·
248 4343 386 4414 victrinis
407 4341 503 4404 earnis
525 4338 660 4420 gloriam.
720 4358 726 4366 ·
812 4338 974 4402 Sublimem
994 4339 1031 4401 od
1051 4339 1126 4402 eoali
1147 4339 1276 4422 regium,
1376 4371 1383 4386 .
