2860 4966
641 399 726 472 ²51

148 499 1216 662 &tvm-leewrrseewssss'eaaessbss
1301 565 1308 579 ‘

8 749 32 788 ,Ι
147 695 637 783 amoenante-ul»
671 693 1214 785 &telanessum

309 818 318 831 ¹
507 820 1212 916 1ιιιφ-ἲΗειιόΙσιδ,μιιὶιειροᾢοζι

216 1070 326 1138 Opelion
337 1079 401 1120 tono
412 1069 511 1120 tertie:
523 1069 665 1131 (Dicunt
682 1070 844 1136 psalmum
861 1067 961 1130 brine)
978 1069 1099 1118 Domine
1114 1069 1143 1118 in
1157 1068 1210 1118 vir·
1231 1087 1234 1095 ·

144 1161 212 1206 tute.
219 1163 267 1206 tua
277 1153 431 1206 laetabitur
442 1169 502 1216 rex,
513 1154 576 1217 tlt,
586 1161 618 1205 ct
629 1155 658 1204 in
668 1154 788 1206 salutari
798 1161 849 1205 tuo
860 1153 1001 1204 exultabit
1010 1153 1101 1206 valde.

8 1335 9 1348 ἵ
214 1273 266 1336 (Et
280 1251 504 1340 respondent)
520 1272 701 1323 Desideriurn
717 1274 813 1326 cordis
830 1275 892 1324 eius
907 1272 1032 1323 tribuisti
1048 1273 1083 1335 ei,
1101 1273 1163 1335 all,
1182 1280 1211 1322 et

8 1363 11 1376 '
83 1422 91 1442 ⁸
144 1360 364 1426 praeparatione
378 1359 517 1413 labiorum
530 1359 591 1410 eius
601 1374 658 1410 non
670 1357 840 1430 prohibuisti
851 1373 922 1410 eum.

212 1469 265 1535 (Et
279 1474 410 1522 mutant
428 1469 483 1518 illi
500 1467 557 1536 qui
574 1469 793 1535 inceperunt)
815 1469 888 1532 Quia
910 1455 1082 1535 praevenisti
1101 1483 1164 1518 eum
1179 1469 1209 1518 in

142 1553 343 1604 benedictione
359 1554 448 1616 bona,
464 1550 516 1604 All.
535 1561 563 1604 et
573 1554 635 1616 Alc,
654 1561 682 1604 et
697 1557 817 1620 posuisti
832 1557 862 1605 in
877 1555 970 1622 capite
989 1554 1050 1604 eius
1071 1568 1208 1603 coronam

8 1643 10 1650 ’
112 1695 120 1708 .
143 1638 310 1706 gloriosam.

212 1741 265 1803 (Et
279 1739 400 1790 dicunt
415 1738 499 1789 hanc
515 1739 706 1808 stropham)
733 1743 776 1791 'l'u
796 1741 874 1794 Deus
894 1741 1032 1803 Verbum,
1054 1741 1102 1808 qui
1124 1755 1207 1806 appa-

143 1825 226 1876 ruisti
247 1839 309 1876 cum
325 1823 411 1874 Patre
433 1818 519 1892 super
535 1825 613 1875 illum
629 1832 753 1876 montem
769 1825 848 1878 Sinai
865 1827 936 1877 etin
954 1826 1092 1892 mysterio
1112 1825 1208 1891 Moysi

143 1910 247 1962 levitae
265 1909 368 1960 dedisti
391 1909 481 1975 legem
502 1909 593 1960 cultus
610 1911 760 1962 ministerii
778 1911 927 1978 temporis:
951 1911 1030 1962 tuin
1050 1909 1207 1960 coenaculo

144 1995 288 2062 Apostolis
304 1995 360 2046 tuis
377 2001 504 2046 sanctum
520 1994 625 2046 dedisti
636 1995 770 2068 Spiritum
789 2001 818 2048 et
828 1995 975 2062 perfecisti
985 2003 1069 2062 atque
1080 2010 1207 2045 consum-

142 2081 300 2143 mastices,
316 2085 348 2131 ut
362 2077 755 2146 mirabiliterpraedicarent,
773 2087 801 2131 et
810 2079 906 2132 fecisti
918 2095 967 2130 eos
978 2081 1069 2146 magis
1082 2080 1206 2130 ommate

141 2173 170 2218 et
180 2166 289 2218 dicere:
308 2164 480 2216 Sacerdotes
492 2179 588 2216 omnes
598 2165 768 2229 benedicite,
776 2165 898 2228 landate,
911 2165 1087 2216 confitemini
1097 2180 1205 2215 summo

141 2251 270 2319 pontiflci
280 2250 409 2302 veritatis
421 2249 535 2302 Christo
546 2251 575 2302 in
586 2251 710 2312 saecula.

208 2352 455 2419 (Respondent)
469 2351 561 2404 Vitam
574 2353 656 2418 petiit
668 2369 685 2403 a
696 2359 723 2404 te
736 2361 764 2403 et
775 2352 877 2403 dedisti
891 2356 925 2414 ei,
938 2352 989 2402 all.
1002 2353 1102 2414 stall,
1115 2352 1205 2420 longi-

140 2437 264 2490 tudinem
277 2437 385 2488 dierum
398 2438 427 2487 in
437 2437 581 2488 saeculum
592 2439 709 2489 saeculi.

209 2541 263 2602 (Et
277 2539 409 2597 dicunt)
429 2538 451 2589 Α
465 2546 493 2590 te
504 2537 567 2590 mm
582 2541 727 2602 sanctitas,
745 2547 858 2590 sanetus
870 2555 908 2600 es,
926 2545 954 2589 et
964 2539 1144 2604 pontificatus
1156 2555 1207 2604 per
1228 2571 1232 2576 ·

140 2633 167 2678 te
179 2623 300 2676 trudlms
312 2630 368 2685 est;
388 2629 417 2674 tu
429 2640 459 2676 es
473 2631 640 2690 acceptator
649 2625 826 2675 victimarum
839 2623 873 2675 de
884 2624 1013 2673 nranilms
1024 2622 1204 2674 sacerdotum

139 2725 286 2762 servorum
301 2715 412 2759 tuorum
425 2714 454 2760 et
469 2709 649 2760 condonator
659 2709 817 2774 debitorum
830 2707 864 2758 ad
874 2715 902 2788 te
914 2709 1124 2759 revertentium.
1161 2709 1205 2759 Τιι

140 2811 190 2863 per
204 2793 404 2846 miserationes
420 2799 483 2844 tuas
501 2794 634 2846 concedis
651 2801 681 2846 et
695 2801 841 2860 peccatum
858 2795 946 2845 totius
963 2793 1060 2844 uurndi
1070 2809 1121 2860 per
1131 2793 1204 2844 occi-

140 2880 249 2930 sionem
265 2885 341 2928 tuam
357 2877 480 2929 deletum
497 2885 553 2940 est,
575 2895 592 2929 ο
609 2879 686 2946 rlgnc
699 2879 763 2931 Dei.
801 2877 972 2930 Sacerdotes
984 2893 1081 2928 omnes
1092 2877 1204 2942 benedi-

138 2965 195 3016 cite
211 2969 240 3014 et
258 2952 371 3014 laudate
389 2969 419 3014 et
431 2964 610 3015 confitemini.
627 2979 735 3016 svrmmo
756 2959 884 3031 pontifici
900 2963 1030 3014 veritatis
1047 2961 1160 3014 Christo
1176 2963 1204 3012 in

138 3047 292 3103 saeculum.

206 3151 455 3218 (Respondent)
474 3152 597 3220 Magnus
612 3151 705 3204 taetris
721 3153 809 3202 estin
826 3151 1026 3223 salutarituo,
1043 3151 1164 3218 gloriam
1177 3157 1205 3201 et

138 3235 271 3288 decorem
285 3238 407 3301 posuisti
417 3252 503 3302 super
514 3253 587 3288 eum.

207 3339 302 3402 (ltem
324 3337 443 3388 dicunt
461 3335 701 3404 Antiphonem.
722 3334 880 3398 Stichon)
904 3337 1203 3402 Salomoninprover·

137 3423 192 3492 biis
208 3423 341 3490 loquens,
357 3423 485 3489 quisnam
502 3428 558 3484 est,
574 3422 659 3484 dixit,
676 3423 796 3472 dilectus
812 3427 889 3483 tuus,
906 3418 1031 3486 pulchra,
1048 3435 1103 3487 quo
1122 3419 1204 3470 valde

137 3507 282 3576 gloriaris.
319 3494 447 3559 Dilectus
468 3523 546 3556 meus
568 3507 674 3556 electus
694 3521 728 3555 cx
748 3507 843 3558 multis
860 3505 997 3566 millibus,
1018 3505 1098 3554 cuius
1120 3505 1204 3554 vinea

137 3593 226 3644 lsrael
238 3599 289 3656 est,
302 3591 381 3642 albus
393 3605 461 3658 prae
472 3591 530 3641 vite
540 3591 639 3652 laceb,
651 3597 680 3640 et
690 3591 792 3642 rubeus
803 3599 870 3657 prae
881 3593 1025 3660 ungrrento
1036 3589 1127 3651 nardi,
1142 3589 1203 3640 srib-

139 3677 198 3727 tilis
215 3694 282 3744 prae
298 3677 392 3728 cedris
410 3675 526 3738 Libani,
548 3675 704 3727 similitudo
722 3681 766 3726 est
777 3675 846 3748 Dei,
862 3691 944 3743 quem
959 3675 1120 3736 lucidamus,
1136 3689 1203 3740 qup-

139 3761 213 3812 niam
227 3760 379 3814 laudabilis
393 3769 444 3811 est.

208 3864 256 3925 (ln
278 3865 409 3925 eodem)
435 3863 509 3924 Quia
528 3861 623 3914 iecisti
646 3879 708 3913 eum
728 3864 756 3912 in
771 3863 999 3914 benedictionem
1015 3862 1043 3912 in
1059 3859 1203 3912 saeculum

139 3948 256 4012 saeculi,
271 3956 299 4000 et
309 3947 470 4001 laetificasti
483 3964 544 3999 eum
556 3948 668 3998 laetitia
678 3947 772 4000 vultus
781 3949 832 3998 tui.

208 4049 386 4132 (Strophai
406 4051 609 4117 Mysteriorum
625 4049 679 4102 hoc
695 4050 809 4102 Samuel
820 4050 938 4116 mystice
950 4049 1123 4116 designavit,
1139 4049 1203 4100 dum

139 4135 262 4186 accessit
281 4143 310 4186 et
329 4135 363 4188 de
379 4152 468 4188 cornu
481 4131 624 4190 unctionis
640 4135 727 4186 tilium
743 4136 799 4186 lsai
815 4136 907 4196 rrnxlt3
934 4151 995 4184 cum
1019 4141 1111 4186 autem
1134 4133 1205 4186 vidit

139 4218 277 4270 Davidem
287 4221 315 4272 in
325 4221 511 4274 similitudine
521 4221 608 4284 iilius,
621 4222 669 4289 qui
679 4221 765 4284 venit,
777 4228 807 4272 ut
816 4223 1021 4284 incarnaretur,
1033 4220 1113 4294 dixit,
1128 4221 1203 4290 quod
