<?xml version="1.0" encoding="UTF-8"?>
<!DOCTYPE html PUBLIC "-//W3C//DTD XHTML 1.0 Transitional//EN"
    "http://www.w3.org/TR/xhtml1/DTD/xhtml1-transitional.dtd">
<html xmlns="http://www.w3.org/1999/xhtml" xml:lang="en" lang="en">
 <head>
  <title>
</title>
<meta http-equiv="Content-Type" content="text/html;charset=utf-8" />
  <meta name='ocr-system' content='tesseract 3.04.00' />
  <meta name='ocr-capabilities' content='ocr_page ocr_carea ocr_par ocr_line ocrx_word'/>
</head>
<body>
  <div class='ocr_page' id='page_1' title='image "./thesaurushymnol05danigoog/thesaurushymnol05danigoog_0396.png"; bbox 0 0 2832 4978; ppageno 0'>
   <div class='ocr_carea' id='block_1_1' title="bbox 696 457 779 521">
    <p class='ocr_par' dir='ltr' id='par_1_1' title="bbox 696 457 779 521">
     <span class='ocr_line' id='line_1_1' title="bbox 696 457 779 521; baseline -0.048 0"><span class='ocrx_word' id='word_1_1' title='bbox 696 457 779 521; x_wconf 80' lang='lat' dir='ltr'>vr&#39;</span> 
     </span>
    </p>
   </div>
   <div class='ocr_carea' id='block_1_2' title="bbox 108 635 1345 3566">
    <p class='ocr_par' dir='ltr' id='par_1_2' title="bbox 108 635 1337 2247">
     <span class='ocr_line' id='line_1_2' title="bbox 291 635 1259 730; baseline 0.002 -26"><span class='ocrx_word' id='word_1_2' title='bbox 291 637 357 704; x_wconf 86' lang='lat' dir='ltr'>Sed</span> <span class='ocrx_word' id='word_1_3' title='bbox 385 637 446 704; x_wconf 86' lang='lat' dir='ltr'>iam</span> <span class='ocrx_word' id='word_1_4' title='bbox 476 636 776 730; x_wconf 82' lang='lat' dir='ltr'>transgrediendum</span> <span class='ocrx_word' id='word_1_5' title='bbox 810 648 859 704; x_wconf 87' lang='lat' dir='ltr'>est</span> <span class='ocrx_word' id='word_1_6' title='bbox 895 635 935 703; x_wconf 85' lang='lat' dir='ltr'>ad</span> <span class='ocrx_word' id='word_1_7' title='bbox 970 659 1008 703; x_wconf 90' lang='lat' dir='ltr'>ea</span> <span class='ocrx_word' id='word_1_8' title='bbox 1041 659 1124 725; x_wconf 85' lang='lat' dir='ltr'>quas</span> <span class='ocrx_word' id='word_1_9' title='bbox 1157 638 1259 726; x_wconf 83' lang='lat' dir='ltr'>ipsum</span> 
     </span>
     <span class='ocr_line' id='line_1_3' title="bbox 193 737 1337 829; baseline 0 -23"><span class='ocrx_word' id='word_1_10' title='bbox 193 740 284 806; x_wconf 86' lang='lat' dir='ltr'>buius</span> <span class='ocrx_word' id='word_1_11' title='bbox 318 737 482 806; x_wconf 81' lang='lat' dir='ltr'>voluminis</span> <span class='ocrx_word' id='word_1_12' title='bbox 514 753 736 826; x_wconf 72' lang='lat' dir='ltr'>argumentum</span> <span class='ocrx_word' id='word_1_13' title='bbox 770 748 930 829; x_wconf 84' lang='lat' dir='ltr'>spectant:</span> <span class='ocrx_word' id='word_1_14' title='bbox 960 737 991 804; x_wconf 92' lang='lat' dir='ltr'>in</span> <span class='ocrx_word' id='word_1_15' title='bbox 1017 762 1086 828; x_wconf 71' lang='lat' dir='ltr'>quq</span> <span class='ocrx_word' id='word_1_16' title='bbox 1104 739 1262 806; x_wconf 83' lang='lat' dir='ltr'>volumine</span> <span class='ocrx_word' id='word_1_17' title='bbox 1330 805 1337 812; x_wconf 83' lang='grc'><em>,</em></span> 
     </span>
     <span class='ocr_line' id='line_1_4' title="bbox 108 837 1261 930; baseline 0.001 -23"><span class='ocrx_word' id='word_1_18' title='bbox 108 837 114 844; x_wconf 72' lang='grc'><strong>’</strong></span> <span class='ocrx_word' id='word_1_19' title='bbox 193 863 252 908; x_wconf 88' lang='lat' dir='ltr'>cur</span> <span class='ocrx_word' id='word_1_20' title='bbox 278 864 332 920; x_wconf 79' lang='lat' dir='ltr'>ea,</span> <span class='ocrx_word' id='word_1_21' title='bbox 364 865 446 930; x_wconf 85' lang='lat' dir='ltr'>quae</span> <span class='ocrx_word' id='word_1_22' title='bbox 466 841 532 907; x_wconf 83' lang='lat' dir='ltr'>sub</span> <span class='ocrx_word' id='word_1_23' title='bbox 568 843 693 907; x_wconf 84' lang='lat' dir='ltr'>nornine</span> <span class='ocrx_word' id='word_1_24' title='bbox 725 843 969 930; x_wconf 80' lang='lat' dir='ltr'>Sequentiarum</span> <span class='ocrx_word' id='word_1_25' title='bbox 1006 839 1054 906; x_wconf 84' lang='lat' dir='ltr'>vol</span> <span class='ocrx_word' id='word_1_26' title='bbox 1087 841 1261 909; x_wconf 87' lang='lat' dir='ltr'>Prosarurn</span> 
     </span>
     <span class='ocr_line' id='line_1_5' title="bbox 192 943 1312 1026; baseline 0 -18"><span class='ocrx_word' id='word_1_27' title='bbox 192 943 338 1009; x_wconf 78' lang='lat' dir='ltr'>seruntur</span> <span class='ocrx_word' id='word_1_28' title='bbox 362 943 502 1010; x_wconf 88' lang='lat' dir='ltr'>carmina</span> <span class='ocrx_word' id='word_1_29' title='bbox 526 965 617 1008; x_wconf 86' lang='lat' dir='ltr'>sacra</span> <span class='ocrx_word' id='word_1_30' title='bbox 643 943 752 1009; x_wconf 84' lang='lat' dir='ltr'>lectori</span> <span class='ocrx_word' id='word_1_31' title='bbox 779 943 1031 1020; x_wconf 78' lang='lat' dir='ltr'>exhibuerimus,</span> <span class='ocrx_word' id='word_1_32' title='bbox 1057 951 1131 1009; x_wconf 87' lang='lat' dir='ltr'>anto</span> <span class='ocrx_word' id='word_1_33' title='bbox 1156 944 1261 1008; x_wconf 85' lang='lat' dir='ltr'>omnia</span> <span class='ocrx_word' id='word_1_34' title='bbox 1307 1017 1312 1026; x_wconf 26' lang='lat'><strong>¹</strong></span> 
     </span>
     <span class='ocr_line' id='line_1_6' title="bbox 196 1041 1261 1133; baseline 0.001 -24"><span class='ocrx_word' id='word_1_35' title='bbox 196 1045 276 1109; x_wconf 89' lang='lat' dir='ltr'>ratio</span> <span class='ocrx_word' id='word_1_36' title='bbox 302 1042 427 1110; x_wconf 86' lang='lat' dir='ltr'>videtur</span> <span class='ocrx_word' id='word_1_37' title='bbox 449 1041 614 1110; x_wconf 84' lang='lat' dir='ltr'>reddenda</span> <span class='ocrx_word' id='word_1_38' title='bbox 640 1067 720 1110; x_wconf 89' lang='lat' dir='ltr'>esse.</span> <span class='ocrx_word' id='word_1_39' title='bbox 772 1043 1040 1133; x_wconf 70' lang='lat' dir='ltr'>Triplex‘autem</span> <span class='ocrx_word' id='word_1_40' title='bbox 1073 1067 1169 1110; x_wconf 89' lang='lat' dir='ltr'>causa</span> <span class='ocrx_word' id='word_1_41' title='bbox 1196 1056 1261 1111; x_wconf 82' lang='lat' dir='ltr'>est:</span> 
     </span>
     <span class='ocr_line' id='line_1_7' title="bbox 137 1144 1263 1234; baseline 0.002 -24"><span class='ocrx_word' id='word_1_42' title='bbox 137 1159 139 1164; x_wconf 87' lang='grc'><strong>’</strong></span> <span class='ocrx_word' id='word_1_43' title='bbox 195 1144 329 1234; x_wconf 81' lang='lat' dir='ltr'>primunr</span> <span class='ocrx_word' id='word_1_44' title='bbox 356 1145 537 1233; x_wconf 69' lang='lat' dir='ltr'>quia‘lraec</span> <span class='ocrx_word' id='word_1_45' title='bbox 562 1145 702 1212; x_wconf 85' lang='lat' dir='ltr'>carmina</span> <span class='ocrx_word' id='word_1_46' title='bbox 727 1169 767 1211; x_wconf 83' lang='lat' dir='ltr'>ex</span> <span class='ocrx_word' id='word_1_47' title='bbox 790 1168 849 1212; x_wconf 84' lang='lat' dir='ltr'>eno</span> <span class='ocrx_word' id='word_1_48' title='bbox 875 1144 1027 1232; x_wconf 85' lang='lat' dir='ltr'>cuiusque</span> <span class='ocrx_word' id='word_1_49' title='bbox 1050 1146 1186 1213; x_wconf 88' lang='lat' dir='ltr'>nationis</span> <span class='ocrx_word' id='word_1_50' title='bbox 1211 1147 1263 1212; x_wconf 92' lang='lat' dir='ltr'>in·</span> 
     </span>
     <span class='ocr_line' id='line_1_8' title="bbox 125 1243 1264 1336; baseline 0.001 -26"><span class='ocrx_word' id='word_1_51' title='bbox 125 1254 126 1264; x_wconf 76' lang='grc'>’</span> <span class='ocrx_word' id='word_1_52' title='bbox 157 1246 161 1260; x_wconf 81' lang='lat'>&#39;</span> <span class='ocrx_word' id='word_1_53' title='bbox 195 1243 293 1335; x_wconf 79' lang='lat' dir='ltr'>genio</span> <span class='ocrx_word' id='word_1_54' title='bbox 321 1255 470 1335; x_wconf 80' lang='lat' dir='ltr'><strong>tanquam</strong></span> <span class='ocrx_word' id='word_1_55' title='bbox 504 1271 561 1314; x_wconf 87' lang='lat' dir='ltr'>sua</span> <span class='ocrx_word' id='word_1_56' title='bbox 596 1270 635 1313; x_wconf 89' lang='lat' dir='ltr'>ex</span> <span class='ocrx_word' id='word_1_57' title='bbox 673 1247 782 1312; x_wconf 86' lang='lat' dir='ltr'>radice</span> <span class='ocrx_word' id='word_1_58' title='bbox 814 1247 1094 1336; x_wconf 83' lang='lat' dir='ltr'>progerminarunt</span> <span class='ocrx_word' id='word_1_59' title='bbox 1129 1269 1264 1335; x_wconf 86' lang='lat' dir='ltr'>eamqne</span> 
     </span>
     <span class='ocr_line' id='line_1_9' title="bbox 196 1347 1263 1438; baseline 0.002 -26"><span class='ocrx_word' id='word_1_60' title='bbox 196 1347 238 1412; x_wconf 91' lang='lat' dir='ltr'>ob</span> <span class='ocrx_word' id='word_1_61' title='bbox 265 1369 393 1413; x_wconf 88' lang='lat' dir='ltr'>causam</span> <span class='ocrx_word' id='word_1_62' title='bbox 420 1372 491 1414; x_wconf 86' lang='lat' dir='ltr'>eum</span> <span class='ocrx_word' id='word_1_63' title='bbox 518 1349 569 1437; x_wconf 87' lang='lat' dir='ltr'>qui</span> <span class='ocrx_word' id='word_1_64' title='bbox 595 1350 747 1438; x_wconf 86' lang='lat' dir='ltr'>cuiusque</span> <span class='ocrx_word' id='word_1_65' title='bbox 776 1348 885 1438; x_wconf 90' lang='lat' dir='ltr'>populi</span> <span class='ocrx_word' id='word_1_66' title='bbox 917 1349 1063 1437; x_wconf 89' lang='lat' dir='ltr'>proprius</span> <span class='ocrx_word' id='word_1_67' title='bbox 1095 1359 1144 1416; x_wconf 87' lang='lat' dir='ltr'>est</span> <span class='ocrx_word' id='word_1_68' title='bbox 1171 1347 1263 1434; x_wconf 59' lang='lat' dir='ltr'>calef</span> 
     </span>
     <span class='ocr_line' id='line_1_10' title="bbox 192 1449 1262 1540; baseline 0.001 -26"><span class='ocrx_word' id='word_1_69' title='bbox 192 1470 263 1514; x_wconf 87' lang='lat' dir='ltr'>rem</span> <span class='ocrx_word' id='word_1_70' title='bbox 291 1451 506 1537; x_wconf 67' lang='lat' dir='ltr'>praecaeteris</span> <span class='ocrx_word' id='word_1_71' title='bbox 529 1449 687 1530; x_wconf 74' lang='lat' dir='ltr'>relerun13</span> <span class='ocrx_word' id='word_1_72' title='bbox 709 1463 776 1516; x_wconf 90' lang='lat' dir='ltr'>tum</span> <span class='ocrx_word' id='word_1_73' title='bbox 797 1451 870 1538; x_wconf 86' lang='lat' dir='ltr'>quia</span> <span class='ocrx_word' id='word_1_74' title='bbox 894 1472 1004 1514; x_wconf 86' lang='lat' dir='ltr'>corum</span> <span class='ocrx_word' id='word_1_75' title='bbox 1027 1463 1155 1540; x_wconf 88' lang='lat' dir='ltr'>praeter</span> <span class='ocrx_word' id='word_1_76' title='bbox 1179 1449 1262 1516; x_wconf 84' lang='lat' dir='ltr'>banc</span> 
     </span>
     <span class='ocr_line' id='line_1_11' title="bbox 164 1549 1262 1639; baseline 0.002 -25"><span class='ocrx_word' id='word_1_77' title='bbox 164 1560 171 1576; x_wconf 68' lang='lat'>⁸</span> <span class='ocrx_word' id='word_1_78' title='bbox 196 1549 290 1616; x_wconf 89' lang='lat' dir='ltr'>etiarn</span> <span class='ocrx_word' id='word_1_79' title='bbox 307 1549 389 1615; x_wconf 87' lang='lat' dir='ltr'>aliae</span> <span class='ocrx_word' id='word_1_80' title='bbox 404 1550 515 1616; x_wconf 79' lang='lat' dir='ltr'>laudes</span> <span class='ocrx_word' id='word_1_81' title='bbox 528 1553 676 1639; x_wconf 84' lang='lat' dir='ltr'>propriae</span> <span class='ocrx_word' id='word_1_82' title='bbox 694 1561 783 1628; x_wconf 81' lang='lat' dir='ltr'>sunt,</span> <span class='ocrx_word' id='word_1_83' title='bbox 798 1551 862 1616; x_wconf 91' lang='lat' dir='ltr'>irno</span> <span class='ocrx_word' id='word_1_84' title='bbox 881 1549 1032 1617; x_wconf 88' lang='lat' dir='ltr'>nonnulla</span> <span class='ocrx_word' id='word_1_85' title='bbox 1045 1551 1089 1618; x_wconf 85' lang='lat' dir='ltr'>ita</span> <span class='ocrx_word' id='word_1_86' title='bbox 1102 1551 1262 1617; x_wconf 82' lang='lat' dir='ltr'>excellunt</span> 
     </span>
     <span class='ocr_line' id='line_1_12' title="bbox 196 1649 1282 1742; baseline 0 -26"><span class='ocrx_word' id='word_1_87' title='bbox 196 1661 231 1716; x_wconf 87' lang='lat' dir='ltr'>ut</span> <span class='ocrx_word' id='word_1_88' title='bbox 246 1649 500 1718; x_wconf 82' lang='lat' dir='ltr'>celebratissimis</span> <span class='ocrx_word' id='word_1_89' title='bbox 518 1653 640 1742; x_wconf 77' lang='lat' dir='ltr'>hymnis</span> <span class='ocrx_word' id='word_1_90' title='bbox 655 1653 704 1718; x_wconf 86' lang='lat' dir='ltr'>rix</span> <span class='ocrx_word' id='word_1_91' title='bbox 719 1653 851 1729; x_wconf 79' lang='lat' dir='ltr'>cedant,</span> <span class='ocrx_word' id='word_1_92' title='bbox 874 1651 1010 1738; x_wconf 85' lang='lat' dir='ltr'>deniqne</span> <span class='ocrx_word' id='word_1_93' title='bbox 1026 1654 1099 1740; x_wconf 87' lang='lat' dir='ltr'>quia</span> <span class='ocrx_word' id='word_1_94' title='bbox 1118 1675 1215 1740; x_wconf 87' lang='lat' dir='ltr'>quum</span> <span class='ocrx_word' id='word_1_95' title='bbox 1229 1653 1260 1718; x_wconf 92' lang='lat' dir='ltr'>in</span> <span class='ocrx_word' id='word_1_96' title='bbox 1274 1655 1282 1666; x_wconf 80' lang='grc'><strong>“</strong></span> 
     </span>
     <span class='ocr_line' id='line_1_13' title="bbox 197 1753 1262 1832; baseline 0.004 -16"><span class='ocrx_word' id='word_1_97' title='bbox 197 1773 285 1816; x_wconf 89' lang='lat' dir='ltr'>usum</span> <span class='ocrx_word' id='word_1_98' title='bbox 327 1775 453 1830; x_wconf 75' lang='lat' dir='ltr'>oacrum</span> <span class='ocrx_word' id='word_1_99' title='bbox 487 1753 756 1832; x_wconf 49' lang='lat' dir='ltr'>tere‘albtbttae</span> <span class='ocrx_word' id='word_1_100' title='bbox 795 1777 858 1823; x_wconf 87' lang='lat' dir='ltr'>uon</span> <span class='ocrx_word' id='word_1_101' title='bbox 900 1754 980 1830; x_wconf 79' lang='lat' dir='ltr'>sint,</span> <span class='ocrx_word' id='word_1_102' title='bbox 1026 1754 1126 1824; x_wconf 78' lang='lat' dir='ltr'>nnita</span> <span class='ocrx_word' id='word_1_103' title='bbox 1159 1753 1262 1820; x_wconf 87' lang='lat' dir='ltr'>minus</span> 
     </span>
     <span class='ocr_line' id='line_1_14' title="bbox 196 1852 1262 1944; baseline 0.003 -26"><span class='ocrx_word' id='word_1_104' title='bbox 196 1875 290 1940; x_wconf 88' lang='lat' dir='ltr'>quarn</span> <span class='ocrx_word' id='word_1_105' title='bbox 313 1852 651 1942; x_wconf 86' lang='lat' dir='ltr'>hymni&#39;innutescere</span> <span class='ocrx_word' id='word_1_106' title='bbox 676 1866 866 1944; x_wconf 84' lang='lat' dir='ltr'>potnerunt,</span> <span class='ocrx_word' id='word_1_107' title='bbox 897 1855 943 1920; x_wconf 84' lang='lat' dir='ltr'>sic</span> <span class='ocrx_word' id='word_1_108' title='bbox 968 1859 1001 1921; x_wconf 85' lang='lat' dir='ltr'>ul</span> <span class='ocrx_word' id='word_1_109' title='bbox 1031 1853 1149 1921; x_wconf 76' lang='lat' dir='ltr'>multas</span> <span class='ocrx_word' id='word_1_110' title='bbox 1171 1855 1262 1942; x_wconf 84' lang='lat' dir='ltr'>quasi</span> 
     </span>
     <span class='ocr_line' id='line_1_15' title="bbox 195 1949 1263 2052; baseline 0.003 -33"><span class='ocrx_word' id='word_1_111' title='bbox 195 1953 353 2042; x_wconf 82' lang='lat' dir='ltr'>qnondam</span> <span class='ocrx_word' id='word_1_112' title='bbox 369 1949 557 2048; x_wconf 63' lang='grc' dir='ltr'>θησαυρόν</span> <span class='ocrx_word' id='word_1_113' title='bbox 570 1958 813 2046; x_wconf 63' lang='grc' dir='ltr'>κεκρυμμένᾳν</span> <span class='ocrx_word' id='word_1_114' title='bbox 828 1956 897 2022; x_wconf 84' lang='lat' dir='ltr'>iuro</span> <span class='ocrx_word' id='word_1_115' title='bbox 913 1955 1132 2052; x_wconf 71' lang='lat' dir='ltr'><strong>appellaveris.</strong></span> <span class='ocrx_word' id='word_1_116' title='bbox 1166 1957 1263 2022; x_wconf 86' lang='lat' dir='ltr'>llunc</span> 
     </span>
     <span class='ocr_line' id='line_1_16' title="bbox 195 2055 1263 2146; baseline 0.004 -26"><span class='ocrx_word' id='word_1_117' title='bbox 195 2055 297 2144; x_wconf 87' lang='lat' dir='ltr'>ipsum</span> <span class='ocrx_word' id='word_1_118' title='bbox 332 2078 426 2144; x_wconf 86' lang='lat' dir='ltr'>quum</span> <span class='ocrx_word' id='word_1_119' title='bbox 460 2057 522 2122; x_wconf 82' lang='lat' dir='ltr'>iarn</span> <span class='ocrx_word' id='word_1_120' title='bbox 554 2058 585 2130; x_wconf 85' lang='lat' dir='ltr'>in</span> <span class='ocrx_word' id='word_1_121' title='bbox 622 2079 711 2122; x_wconf 86' lang='lat' dir='ltr'>nsum</span> <span class='ocrx_word' id='word_1_122' title='bbox 744 2058 882 2123; x_wconf 83' lang='lat' dir='ltr'>omnium</span> <span class='ocrx_word' id='word_1_123' title='bbox 919 2079 1032 2122; x_wconf 82' lang='lat' dir='ltr'>eruere</span> <span class='ocrx_word' id='word_1_124' title='bbox 1063 2081 1122 2146; x_wconf 92' lang='lat' dir='ltr'>pro</span> <span class='ocrx_word' id='word_1_125' title='bbox 1147 2057 1263 2128; x_wconf 80' lang='lat' dir='ltr'>viribus</span> 
     </span>
     <span class='ocr_line' id='line_1_17' title="bbox 195 2155 1264 2247; baseline 0.002 -23"><span class='ocrx_word' id='word_1_126' title='bbox 195 2155 374 2238; x_wconf 85' lang='lat' dir='ltr'>studerem,</span> <span class='ocrx_word' id='word_1_127' title='bbox 398 2167 566 2247; x_wconf 79' lang='lat' dir='ltr'>antequam</span> <span class='ocrx_word' id='word_1_128' title='bbox 592 2157 653 2226; x_wconf 84' lang='lat' dir='ltr'>boc</span> <span class='ocrx_word' id='word_1_129' title='bbox 678 2157 824 2233; x_wconf 86' lang='lat' dir='ltr'>relnrncn</span> <span class='ocrx_word' id='word_1_130' title='bbox 847 2159 879 2234; x_wconf 88' lang='lat' dir='ltr'>in</span> <span class='ocrx_word' id='word_1_131' title='bbox 905 2157 1007 2234; x_wconf 77' lang='lat' dir='ltr'>lucem</span> <span class='ocrx_word' id='word_1_132' title='bbox 1032 2158 1193 2247; x_wconf 79' lang='lat' dir='ltr'>prodiret,</span> <span class='ocrx_word' id='word_1_133' title='bbox 1225 2156 1264 2228; x_wconf 85' lang='lat' dir='ltr'>li·</span> 
     </span>
    </p>

    <p class='ocr_par' dir='ltr' id='par_1_3' title="bbox 112 2256 1328 2850">
     <span class='ocr_line' id='line_1_18' title="bbox 152 2256 1265 2348; baseline 0.004 -24"><span class='ocrx_word' id='word_1_134' title='bbox 152 2299 160 2318; x_wconf 86' lang='lat'><strong>·</strong></span> <span class='ocrx_word' id='word_1_135' title='bbox 195 2259 286 2327; x_wconf 84' lang='lat' dir='ltr'>brom</span> <span class='ocrx_word' id='word_1_136' title='bbox 309 2258 355 2348; x_wconf 21' lang='lat' dir='ltr'>&#39;de</span> <span class='ocrx_word' id='word_1_137' title='bbox 381 2259 562 2348; x_wconf 74' lang='lat' dir='ltr'>sequentiis</span> <span class='ocrx_word' id='word_1_138' title='bbox 588 2271 622 2328; x_wconf 87' lang='lat' dir='ltr'>ut</span> <span class='ocrx_word' id='word_1_139' title='bbox 649 2256 863 2335; x_wconf 78' lang='lat' dir='ltr'>doctissimum</span> <span class='ocrx_word' id='word_1_140' title='bbox 890 2259 934 2330; x_wconf 86' lang='lat' dir='ltr'>ita</span> <span class='ocrx_word' id='word_1_141' title='bbox 956 2259 1031 2330; x_wconf 82' lang='lat' dir='ltr'>mibi</span> <span class='ocrx_word' id='word_1_142' title='bbox 1056 2257 1183 2348; x_wconf 87' lang='lat' dir='ltr'>quidem</span> <span class='ocrx_word' id='word_1_143' title='bbox 1205 2284 1265 2328; x_wconf 84' lang='lat' dir='ltr'>ox·</span> 
     </span>
     <span class='ocr_line' id='line_1_19' title="bbox 112 2359 1264 2453; baseline 0 -25"><span class='ocrx_word' id='word_1_144' title='bbox 112 2420 115 2428; x_wconf 79' lang='grc'>,</span> <span class='ocrx_word' id='word_1_145' title='bbox 196 2361 424 2448; x_wconf 81' lang='lat' dir='ltr'>optatissimum</span> <span class='ocrx_word' id='word_1_146' title='bbox 457 2359 556 2431; x_wconf 84' lang='lat' dir='ltr'>edidit</span> <span class='ocrx_word' id='word_1_147' title='bbox 594 2359 634 2428; x_wconf 74' lang='lat' dir='ltr'>F.</span> <span class='ocrx_word' id='word_1_148' title='bbox 661 2361 797 2428; x_wconf 80' lang='lat' dir='ltr'>Wolflns</span> <span class='ocrx_word' id='word_1_149' title='bbox 820 2361 874 2450; x_wconf 83' lang='lat' dir='ltr'>qui</span> <span class='ocrx_word' id='word_1_150' title='bbox 909 2361 973 2436; x_wconf 78' lang='lat' dir='ltr'>vir,</span> <span class='ocrx_word' id='word_1_151' title='bbox 1018 2384 1088 2432; x_wconf 84' lang='lat' dir='ltr'>eum</span> <span class='ocrx_word' id='word_1_152' title='bbox 1119 2362 1264 2453; x_wconf 72' lang='lat' dir='ltr'>ingenio,</span> 
     </span>
     <span class='ocr_line' id='line_1_20' title="bbox 196 2460 1264 2548; baseline 0.007 -22"><span class='ocrx_word' id='word_1_153' title='bbox 196 2463 360 2543; x_wconf 78' lang='lat' dir='ltr'>acumine,</span> <span class='ocrx_word' id='word_1_154' title='bbox 384 2460 529 2533; x_wconf 70' lang='lat' dir='ltr'>electrina</span> <span class='ocrx_word' id='word_1_155' title='bbox 543 2461 679 2538; x_wconf 76' lang='lat' dir='ltr'>maximo</span> <span class='ocrx_word' id='word_1_156' title='bbox 695 2463 850 2548; x_wconf 81' lang='lat' dir='ltr'>excellat,</span> <span class='ocrx_word' id='word_1_157' title='bbox 875 2475 941 2532; x_wconf 86' lang='lat' dir='ltr'>turn</span> <span class='ocrx_word' id='word_1_158' title='bbox 967 2461 998 2530; x_wconf 89' lang='lat' dir='ltr'>in</span> <span class='ocrx_word' id='word_1_159' title='bbox 1011 2463 1110 2532; x_wconf 86' lang='lat' dir='ltr'>literis</span> <span class='ocrx_word' id='word_1_160' title='bbox 1124 2465 1264 2533; x_wconf 64' lang='lat' dir='ltr'>omnum</span> 
     </span>
     <span class='ocr_line' id='line_1_21' title="bbox 198 2563 1265 2656; baseline 0.001 -23"><span class='ocrx_word' id='word_1_161' title='bbox 198 2565 358 2635; x_wconf 70' lang='lat' dir='ltr'>uuonan</span> <span class='ocrx_word' id='word_1_162' title='bbox 390 2563 545 2656; x_wconf 77' lang='lat' dir='ltr'>Europae</span> <span class='ocrx_word' id='word_1_163' title='bbox 576 2566 622 2630; x_wconf 83' lang='lat' dir='ltr'>ita</span> <span class='ocrx_word' id='word_1_164' title='bbox 663 2576 806 2633; x_wconf 80' lang='lat' dir='ltr'>versatus</span> <span class='ocrx_word' id='word_1_165' title='bbox 846 2575 895 2638; x_wconf 84' lang='lat' dir='ltr'>en</span> <span class='ocrx_word' id='word_1_166' title='bbox 935 2575 974 2630; x_wconf 83' lang='lat' dir='ltr'>ut&#39;</span> <span class='ocrx_word' id='word_1_167' title='bbox 1012 2587 1133 2654; x_wconf 81' lang='lat' dir='ltr'>paucas</span> <span class='ocrx_word' id='word_1_168' title='bbox 1171 2589 1265 2654; x_wconf 72' lang='lat' dir='ltr'>pares</span> 
     </span>
     <span class='ocr_line' id='line_1_22' title="bbox 198 2661 1328 2764; baseline 0.004 -30"><span class='ocrx_word' id='word_1_169' title='bbox 198 2665 324 2734; x_wconf 82' lang='lat' dir='ltr'>babeat.</span> <span class='ocrx_word' id='word_1_170' title='bbox 374 2667 478 2741; x_wconf 79' lang='lat' dir='ltr'>Quam</span> <span class='ocrx_word' id='word_1_171' title='bbox 509 2661 641 2756; x_wconf 78' lang='lat' dir='ltr'>&#39;quidem</span> <span class='ocrx_word' id='word_1_172' title='bbox 676 2667 737 2755; x_wconf 73' lang='lat' dir='ltr'>ipsi</span> <span class='ocrx_word' id='word_1_173' title='bbox 775 2668 809 2735; x_wconf 89' lang='lat' dir='ltr'>in</span> <span class='ocrx_word' id='word_1_174' title='bbox 845 2665 985 2754; x_wconf 84' lang='lat' dir='ltr'>strophis</span> <span class='ocrx_word' id='word_1_175' title='bbox 1019 2667 1289 2764; x_wconf 65' lang='lat' dir='ltr'>sequentianno</span> <span class='ocrx_word' id='word_1_176' title='bbox 1325 2681 1328 2687; x_wconf 86' lang='lat'>&#39;</span> 
     </span>
     <span class='ocr_line' id='line_1_23' title="bbox 195 2767 1264 2850; baseline 0.002 -16"><span class='ocrx_word' id='word_1_177' title='bbox 195 2769 401 2838; x_wconf 71' lang='lat' dir='ltr'>enucleandis</span> <span class='ocrx_word' id='word_1_178' title='bbox 427 2767 580 2836; x_wconf 77' lang='lat' dir='ltr'>rationem</span> <span class='ocrx_word' id='word_1_179' title='bbox 616 2769 717 2838; x_wconf 81' lang='lat' dir='ltr'>secuti</span> <span class='ocrx_word' id='word_1_180' title='bbox 750 2792 874 2845; x_wconf 72' lang='lat' dir='ltr'>suenus,</span> <span class='ocrx_word' id='word_1_181' title='bbox 905 2767 939 2850; x_wconf 82' lang='lat' dir='ltr'>in</span> <span class='ocrx_word' id='word_1_182' title='bbox 970 2791 1008 2836; x_wconf 86' lang='lat' dir='ltr'>ca</span> <span class='ocrx_word' id='word_1_183' title='bbox 1031 2767 1184 2836; x_wconf 80' lang='lat' dir='ltr'>Wolliurn</span> <span class='ocrx_word' id='word_1_184' title='bbox 1209 2791 1264 2836; x_wconf 81' lang='lat' dir='ltr'>au·</span> 
     </span>
    </p>

    <p class='ocr_par' dir='ltr' id='par_1_4' title="bbox 124 2869 1345 3566">
     <span class='ocr_line' id='line_1_24' title="bbox 170 2869 1265 2958; baseline 0.002 -23"><span class='ocrx_word' id='word_1_185' title='bbox 170 2881 318 2941; x_wconf 64' lang='lat' dir='ltr'>*ctorem</span> <span class='ocrx_word' id='word_1_186' title='bbox 360 2893 425 2940; x_wconf 88' lang='lat' dir='ltr'>non</span> <span class='ocrx_word' id='word_1_187' title='bbox 471 2871 656 2954; x_wconf 76' lang='lat' dir='ltr'>habuimus,</span> <span class='ocrx_word' id='word_1_188' title='bbox 708 2893 805 2958; x_wconf 88' lang='lat' dir='ltr'>quum</span> <span class='ocrx_word' id='word_1_189' title='bbox 850 2869 980 2936; x_wconf 86' lang='lat' dir='ltr'>instituti</span> <span class='ocrx_word' id='word_1_190' title='bbox 1023 2871 1122 2938; x_wconf 87' lang='lat' dir='ltr'>nostri</span> <span class='ocrx_word' id='word_1_191' title='bbox 1173 2869 1265 2948; x_wconf 76' lang='lat' dir='ltr'>rano.</span> 
     </span>
     <span class='ocr_line' id='line_1_25' title="bbox 124 2959 1265 3062; baseline -0.003 -19"><span class='ocrx_word' id='word_1_192' title='bbox 124 2959 129 2967; x_wconf 44' lang='grc'><strong><em>’</em></strong></span> <span class='ocrx_word' id='word_1_193' title='bbox 196 2983 364 3062; x_wconf 68' lang='lat' dir='ltr'>antenotata</span> <span class='ocrx_word' id='word_1_194' title='bbox 391 2973 448 3040; x_wconf 84' lang='lat' dir='ltr'>viri</span> <span class='ocrx_word' id='word_1_195' title='bbox 470 2972 556 3043; x_wconf 83' lang='lat' dir='ltr'>docti</span> <span class='ocrx_word' id='word_1_196' title='bbox 580 2971 662 3040; x_wconf 82' lang='lat' dir='ltr'>libor</span> <span class='ocrx_word' id='word_1_197' title='bbox 687 2973 772 3060; x_wconf 70' lang='lat' dir='ltr'>tppsis</span> <span class='ocrx_word' id='word_1_198' title='bbox 794 2965 1049 3048; x_wconf 73' lang='lat' dir='ltr'>cnmsuseiset,</span> <span class='ocrx_word' id='word_1_199' title='bbox 1070 2970 1163 3038; x_wconf 87' lang='lat' dir='ltr'>nubis</span> <span class='ocrx_word' id='word_1_200' title='bbox 1187 2995 1265 3040; x_wconf 78' lang='lat' dir='ltr'>con·</span> 
     </span>
     <span class='ocr_line' id='line_1_26' title="bbox 195 3063 1333 3161; baseline -0.004 -19"><span class='ocrx_word' id='word_1_201' title='bbox 195 3083 305 3145; x_wconf 80' lang='lat' dir='ltr'>staret.</span> <span class='ocrx_word' id='word_1_202' title='bbox 357 3077 444 3144; x_wconf 82' lang='lat' dir='ltr'>Nara</span> <span class='ocrx_word' id='word_1_203' title='bbox 469 3063 566 3161; x_wconf 77' lang='lat' dir='ltr'>quum</span> <span class='ocrx_word' id='word_1_204' title='bbox 592 3073 654 3146; x_wconf 82' lang='lat' dir='ltr'>ittt,</span> <span class='ocrx_word' id='word_1_205' title='bbox 688 3077 724 3140; x_wconf 78' lang='lat' dir='ltr'>A.</span> <span class='ocrx_word' id='word_1_206' title='bbox 751 3073 905 3140; x_wconf 87' lang='lat' dir='ltr'>Sobrnidii</span> <span class='ocrx_word' id='word_1_207' title='bbox 943 3073 1036 3140; x_wconf 85' lang='lat' dir='ltr'>aurici</span> <span class='ocrx_word' id='word_1_208' title='bbox 1074 3072 1106 3138; x_wconf 90' lang='lat' dir='ltr'>in</span> <span class='ocrx_word' id='word_1_209' title='bbox 1140 3072 1188 3138; x_wconf 84' lang='lat' dir='ltr'>bis</span> <span class='ocrx_word' id='word_1_210' title='bbox 1214 3095 1265 3138; x_wconf 79' lang='lat' dir='ltr'>re·</span> <span class='ocrx_word' id='word_1_211' title='bbox 1327 3109 1333 3117; x_wconf 89' lang='lat'><em>-</em></span> 
     </span>
     <span class='ocr_line' id='line_1_27' title="bbox 196 3172 1345 3254; baseline -0.002 -12"><span class='ocrx_word' id='word_1_212' title='bbox 196 3175 256 3244; x_wconf 85' lang='lat' dir='ltr'>bus</span> <span class='ocrx_word' id='word_1_213' title='bbox 296 3175 497 3246; x_wconf 76' lang='lat' dir='ltr'>versatissimi</span> <span class='ocrx_word' id='word_1_214' title='bbox 530 3172 751 3244; x_wconf 78' lang='lat' dir='ltr'>auctoritatem</span> <span class='ocrx_word' id='word_1_215' title='bbox 784 3185 911 3254; x_wconf 76' lang='lat' dir='ltr'>secuto,</span> <span class='ocrx_word' id='word_1_216' title='bbox 946 3198 986 3244; x_wconf 82' lang='lat' dir='ltr'>ex</span> <span class='ocrx_word' id='word_1_217' title='bbox 1024 3173 1106 3242; x_wconf 84' lang='lat' dir='ltr'>notis</span> <span class='ocrx_word' id='word_1_218' title='bbox 1137 3173 1267 3242; x_wconf 80' lang='lat' dir='ltr'>musicis</span> <span class='ocrx_word' id='word_1_219' title='bbox 1335 3177 1345 3198; x_wconf 74' lang='grc'><strong>“</strong></span> 
     </span>
     <span class='ocr_line' id='line_1_28' title="bbox 198 3270 1267 3364; baseline -0.004 -16"><span class='ocrx_word' id='word_1_220' title='bbox 198 3281 327 3348; x_wconf 78' lang='lat' dir='ltr'>vetustis</span> <span class='ocrx_word' id='word_1_221' title='bbox 361 3277 524 3349; x_wconf 78' lang='lat' dir='ltr'>codicibus</span> <span class='ocrx_word' id='word_1_222' title='bbox 556 3275 714 3363; x_wconf 77' lang='lat' dir='ltr'>inscriptis</span> <span class='ocrx_word' id='word_1_223' title='bbox 747 3270 960 3364; x_wconf 71' lang='lat' dir='ltr'>(ueduata),</span> <span class='ocrx_word' id='word_1_224' title='bbox 1000 3275 1090 3348; x_wconf 81' lang='lat' dir='ltr'>nobis</span> <span class='ocrx_word' id='word_1_225' title='bbox 1128 3297 1168 3342; x_wconf 81' lang='lat' dir='ltr'>ex</span> <span class='ocrx_word' id='word_1_226' title='bbox 1208 3297 1267 3345; x_wconf 66' lang='lat' dir='ltr'>nne</span> 
     </span>
     <span class='ocr_line' id='line_1_29' title="bbox 197 3376 1267 3474; baseline -0.008 -24"><span class='ocrx_word' id='word_1_227' title='bbox 197 3403 287 3450; x_wconf 84' lang='lat' dir='ltr'>moro</span> <span class='ocrx_word' id='word_1_228' title='bbox 313 3381 505 3474; x_wconf 80' lang='lat' dir='ltr'>syllabarum</span> <span class='ocrx_word' id='word_1_229' title='bbox 531 3399 622 3446; x_wconf 82' lang='lat' dir='ltr'>suum</span> <span class='ocrx_word' id='word_1_230' title='bbox 647 3378 767 3466; x_wconf 85' lang='lat' dir='ltr'>cuique</span> <span class='ocrx_word' id='word_1_231' title='bbox 787 3377 912 3443; x_wconf 85' lang='lat' dir='ltr'>Prosae</span> <span class='ocrx_word' id='word_1_232' title='bbox 934 3387 1069 3448; x_wconf 85' lang='lat' dir='ltr'>metrum</span> <span class='ocrx_word' id='word_1_233' title='bbox 1092 3376 1267 3466; x_wconf 78' lang='lat' dir='ltr'>adsignare</span> 
     </span>
     <span class='ocr_line' id='line_1_30' title="bbox 195 3477 1267 3566; baseline -0.004 -14"><span class='ocrx_word' id='word_1_234' title='bbox 195 3485 295 3553; x_wconf 80' lang='lat' dir='ltr'>vtsua</span> <span class='ocrx_word' id='word_1_235' title='bbox 322 3493 380 3550; x_wconf 82' lang='lat' dir='ltr'>eet.</span> <span class='ocrx_word' id='word_1_236' title='bbox 430 3482 523 3555; x_wconf 86' lang='lat' dir='ltr'>Qu&#39;ae</span> <span class='ocrx_word' id='word_1_237' title='bbox 548 3478 759 3566; x_wconf 81' lang='lat' dir='ltr'>discrepantia</span> <span class='ocrx_word' id='word_1_238' title='bbox 783 3477 878 3566; x_wconf 84' lang='lat' dir='ltr'>quum</span> <span class='ocrx_word' id='word_1_239' title='bbox 904 3479 1060 3547; x_wconf 86' lang='lat' dir='ltr'>neminem</span> <span class='ocrx_word' id='word_1_240' title='bbox 1084 3479 1206 3566; x_wconf 82' lang='lat' dir='ltr'>fugiat,</span> <span class='ocrx_word' id='word_1_241' title='bbox 1226 3479 1267 3558; x_wconf 64' lang='lat' dir='ltr'>‚tit</span> 
     </span>
    </p>
   </div>
   <div class='ocr_carea' id='block_1_3' title="bbox 196 3579 1370 3669">
    <p class='ocr_par' dir='ltr' id='par_1_5' title="bbox 196 3579 1370 3669">
     <span class='ocr_line' id='line_1_31' title="bbox 196 3579 1370 3669; baseline -0.008 -17"><span class='ocrx_word' id='word_1_242' title='bbox 196 3598 303 3659; x_wconf 80' lang='lat' dir='ltr'>tamon</span> <span class='ocrx_word' id='word_1_243' title='bbox 336 3581 493 3660; x_wconf 82' lang='lat' dir='ltr'>interdum</span> <span class='ocrx_word' id='word_1_244' title='bbox 519 3593 555 3650; x_wconf 84' lang='lat' dir='ltr'>ut</span> <span class='ocrx_word' id='word_1_245' title='bbox 580 3580 713 3648; x_wconf 77' lang='lat' dir='ltr'>diversis</span> <span class='ocrx_word' id='word_1_246' title='bbox 739 3582 800 3664; x_wconf 85' lang='lat' dir='ltr'>viis</span> <span class='ocrx_word' id='word_1_247' title='bbox 825 3579 865 3645; x_wconf 87' lang='lat' dir='ltr'>ad</span> <span class='ocrx_word' id='word_1_248' title='bbox 899 3579 1034 3648; x_wconf 86' lang='lat' dir='ltr'>eundem</span> <span class='ocrx_word' id='word_1_249' title='bbox 1071 3581 1166 3648; x_wconf 87' lang='lat' dir='ltr'>finern</span> <span class='ocrx_word' id='word_1_250' title='bbox 1191 3601 1264 3669; x_wconf 89' lang='lat' dir='ltr'>pcr-</span> <span class='ocrx_word' id='word_1_251' title='bbox 1365 3645 1370 3654; x_wconf 68' lang='grc'><em>,</em></span> 
     </span>
    </p>
   </div>
   <div class='ocr_carea' id='block_1_4' title="bbox 195 3681 1299 4282">
    <p class='ocr_par' dir='ltr' id='par_1_6' title="bbox 195 3681 1299 4282">
     <span class='ocr_line' id='line_1_32' title="bbox 197 3681 1299 3772; baseline -0.005 -16"><span class='ocrx_word' id='word_1_252' title='bbox 197 3689 375 3765; x_wconf 80' lang='lat' dir='ltr'>veniamne,</span> <span class='ocrx_word' id='word_1_253' title='bbox 406 3707 597 3772; x_wconf 81' lang='lat' dir='ltr'>quamquam</span> <span class='ocrx_word' id='word_1_254' title='bbox 628 3685 723 3750; x_wconf 81' lang='lat' dir='ltr'>etiarn</span> <span class='ocrx_word' id='word_1_255' title='bbox 746 3683 809 3748; x_wconf 89' lang='lat' dir='ltr'>boo</span> <span class='ocrx_word' id='word_1_256' title='bbox 834 3683 864 3748; x_wconf 91' lang='lat' dir='ltr'>in</span> <span class='ocrx_word' id='word_1_257' title='bbox 892 3705 1014 3769; x_wconf 77' lang='lat' dir='ltr'>genere</span> <span class='ocrx_word' id='word_1_258' title='bbox 1043 3705 1095 3750; x_wconf 81' lang='lat' dir='ltr'>nnc</span> <span class='ocrx_word' id='word_1_259' title='bbox 1119 3681 1172 3750; x_wconf 90' lang='lat' dir='ltr'>illo</span> <span class='ocrx_word' id='word_1_260' title='bbox 1199 3686 1265 3749; x_wconf 86' lang='lat' dir='ltr'>viro</span> <span class='ocrx_word' id='word_1_261' title='bbox 1293 3739 1299 3750; x_wconf 92' lang='lat'>.</span> 
     </span>
     <span class='ocr_line' id='line_1_33' title="bbox 195 3781 1266 3871; baseline -0.01 -13"><span class='ocrx_word' id='word_1_262' title='bbox 195 3788 376 3858; x_wconf 69' lang='lat' dir='ltr'>inferiorem</span> <span class='ocrx_word' id='word_1_263' title='bbox 399 3787 489 3854; x_wconf 86' lang='lat' dir='ltr'>lateri</span> <span class='ocrx_word' id='word_1_264' title='bbox 515 3784 590 3857; x_wconf 91' lang='lat' dir='ltr'>nibil</span> <span class='ocrx_word' id='word_1_265' title='bbox 617 3783 737 3852; x_wconf 86' lang='lat' dir='ltr'>dubito.</span> <span class='ocrx_word' id='word_1_266' title='bbox 762 3817 809 3836; x_wconf 65' lang='grc'>«-</span> <span class='ocrx_word' id='word_1_267' title='bbox 836 3783 996 3858; x_wconf 82' lang='lat' dir='ltr'>Numerus</span> <span class='ocrx_word' id='word_1_268' title='bbox 1023 3781 1266 3871; x_wconf 73' lang='lat' dir='ltr'>sequentiarum</span> 
     </span>
     <span class='ocr_line' id='line_1_34' title="bbox 195 3884 1267 3974; baseline -0.023 -12"><span class='ocrx_word' id='word_1_269' title='bbox 195 3901 301 3963; x_wconf 75' lang='lat' dir='ltr'>tenue</span> <span class='ocrx_word' id='word_1_270' title='bbox 324 3901 388 3967; x_wconf 79' lang='lat' dir='ltr'>ost,</span> <span class='ocrx_word' id='word_1_271' title='bbox 416 3902 452 3956; x_wconf 91' lang='lat' dir='ltr'>ut</span> <span class='ocrx_word' id='word_1_272' title='bbox 478 3888 572 3967; x_wconf 79' lang='lat' dir='ltr'>etiarn</span> <span class='ocrx_word' id='word_1_273' title='bbox 609 3884 640 3953; x_wconf 89' lang='lat' dir='ltr'>in</span> <span class='ocrx_word' id='word_1_274' title='bbox 675 3887 738 3952; x_wconf 51' lang='lat' dir='ltr'>¹boc</span> <span class='ocrx_word' id='word_1_275' title='bbox 770 3905 870 3974; x_wconf 74' lang='lat' dir='ltr'>oprere</span> <span class='ocrx_word' id='word_1_276' title='bbox 901 3907 939 3953; x_wconf 69' lang='lat' dir='ltr'>cs</span> <span class='ocrx_word' id='word_1_277' title='bbox 964 3884 1006 3964; x_wconf 53' lang='lat' dir='ltr'>its,</span> <span class='ocrx_word' id='word_1_278' title='bbox 1028 3885 1150 3973; x_wconf 85' lang='lat' dir='ltr'>optima</span> <span class='ocrx_word' id='word_1_279' title='bbox 1171 3907 1267 3973; x_wconf 65' lang='lat' dir='ltr'>quae.</span> 
     </span>
     <span class='ocr_line' id='line_1_35' title="bbox 196 3986 1267 4079; baseline -0.002 -21"><span class='ocrx_word' id='word_1_280' title='bbox 196 4013 258 4079; x_wconf 82' lang='lat' dir='ltr'>qne</span> <span class='ocrx_word' id='word_1_281' title='bbox 292 3991 340 4074; x_wconf 73' lang='lat' dir='ltr'>nel</span> <span class='ocrx_word' id='word_1_282' title='bbox 370 4001 480 4056; x_wconf 65' lang='lat' dir='ltr'>acuto</span> <span class='ocrx_word' id='word_1_283' title='bbox 508 3987 694 4074; x_wconf 83' lang='lat' dir='ltr'>dignissima</span> <span class='ocrx_word' id='word_1_284' title='bbox 722 3987 905 4072; x_wconf 69' lang='lat' dir='ltr'>exhibuisse</span> <span class='ocrx_word' id='word_1_285' title='bbox 945 3986 1022 4052; x_wconf 83' lang='lat' dir='ltr'>satis</span> <span class='ocrx_word' id='word_1_286' title='bbox 1060 3986 1267 4056; x_wconf 76' lang='lat' dir='ltr'>haberemust</span> 
     </span>
     <span class='ocr_line' id='line_1_36' title="bbox 198 4085 1266 4176; baseline -0.006 -16"><span class='ocrx_word' id='word_1_287' title='bbox 198 4115 260 4160; x_wconf 89' lang='lat' dir='ltr'>non</span> <span class='ocrx_word' id='word_1_288' title='bbox 287 4091 444 4159; x_wconf 85' lang='lat' dir='ltr'>nullarum</span> <span class='ocrx_word' id='word_1_289' title='bbox 470 4102 590 4158; x_wconf 86' lang='lat' dir='ltr'>tanturn</span> <span class='ocrx_word' id='word_1_290' title='bbox 627 4099 748 4176; x_wconf 87' lang='lat' dir='ltr'>partem</span> <span class='ocrx_word' id='word_1_291' title='bbox 779 4085 1106 4175; x_wconf 73' lang='lat' dir='ltr'>quantulamcumque,</span> <span class='ocrx_word' id='word_1_292' title='bbox 1135 4087 1266 4176; x_wconf 78' lang='lat' dir='ltr'>aliarum</span> 
     </span>
     <span class='ocr_line' id='line_1_37' title="bbox 199 4188 1268 4282; baseline -0.004 -24"><span class='ocrx_word' id='word_1_293' title='bbox 199 4192 281 4264; x_wconf 83' lang='lat' dir='ltr'>adeo</span> <span class='ocrx_word' id='word_1_294' title='bbox 309 4192 383 4258; x_wconf 81' lang='lat' dir='ltr'>nibil</span> <span class='ocrx_word' id='word_1_295' title='bbox 407 4193 464 4258; x_wconf 88' lang='lat' dir='ltr'>nisi</span> <span class='ocrx_word' id='word_1_296' title='bbox 491 4213 605 4264; x_wconf 83' lang='lat' dir='ltr'>nomen</span> <span class='ocrx_word' id='word_1_297' title='bbox 631 4190 677 4256; x_wconf 85' lang='lat' dir='ltr'>rel</span> <span class='ocrx_word' id='word_1_298' title='bbox 700 4189 863 4272; x_wconf 67' lang='lat' dir='ltr'>exordines}</span> <span class='ocrx_word' id='word_1_299' title='bbox 891 4188 978 4257; x_wconf 87' lang='lat' dir='ltr'>licuit</span> <span class='ocrx_word' id='word_1_300' title='bbox 1002 4188 1156 4282; x_wconf 79' lang='lat' dir='ltr'>prolerre,</span> <span class='ocrx_word' id='word_1_301' title='bbox 1196 4190 1268 4278; x_wconf 63' lang='lat' dir='ltr'>(ine</span> 
     </span>
    </p>
   </div>
   <div class='ocr_carea' id='block_1_5' title="bbox 0 0 1420 4978">
    <p class='ocr_par' dir='ltr' id='par_1_7' title="bbox 0 0 1420 4978">
     <span class='ocr_line' id='line_1_38' title="bbox 0 0 1420 4978; baseline 0 0"><span class='ocrx_word' id='word_1_302' title='bbox 0 0 1420 4978; x_wconf 95' lang='lat' dir='ltr'> </span> 
     </span>
    </p>
   </div>
  </div>
 </body>
</html>
