2832 4978
329 1723 1051 1888 Prolegomenu.
1195 1747 1199 1752 ·

537 1947 846 1970 m
877 1966 881 1975 ,

155 2063 286 2211 Alteri
320 2141 395 2208 bulo
420 2141 519 2209 nostri
552 2146 659 2232 operio
683 2145 831 2214 rolomlul
857 2145 1057 2236 praelaturus
1082 2145 1132 2213 rel
1157 2167 1226 2214 ma-

159 2247 243 2314 xime
256 2245 403 2334 gaudeo,
430 2245 470 2312 ab
494 2269 534 2312 eo
559 2247 633 2312 mibi
657 2247 782 2328 ollicio,
805 2269 870 2338 quo
892 2248 1119 2326 nemobonus,
1144 2257 1227 2314 teste

158 2350 228 2438 ipsa
250 2347 406 2435 scriptura
433 2341 537 2414 sacra
559 2346 633 2432 (Pe.
669 2333 765 2428 XOl,
803 2343 872 2436 2.),
898 2349 967 2416 elne
990 2349 1104 2415 eximia
1130 2347 1225 2416 animi
1340 2389 1342 2394 ·

160 2447 465 2538 voluptatedeluugi
483 2455 606 2535 potest,
631 2451 807 2537 gratiarum
835 2451 976 2529 actione,
1003 2451 1124 2518 initium
1150 2471 1222 2516 esse

157 2549 347 2618 iaciendum.
398 2549 516 2616 Debeo
544 2561 650 2616 autem
684 2551 742 2618 has
768 2553 890 2640 gratias
914 2551 1049 2642 primum
1071 2551 1144 2622 Deo
1170 2550 1227 2616 be-

157 2651 360 2743 nignissimo,
384 2650 437 2738 qut
461 2651 493 2716 in
520 2649 683 2719 laboribus
709 2662 745 2719 ut
770 2654 914 2743 corporis
944 2653 1027 2720 vires
1056 2655 1100 2718 ita
1131 2649 1226 2718 aoiml

160 2751 367 2822 causantium
382 2751 457 2818 milri
484 2754 650 2821 concessit.
687 2753 803 2822 Debeo
828 2777 926 2845 porro
949 2755 978 2820 ei
995 2755 1073 2819 Viro
1089 2753 1235 2820 maxime·
1344 2792 1347 2799 ·

157 2854 368 2942 Venerando,
389 2875 484 2942 qoem
507 2855 604 2921 rebus
631 2857 752 2945 patriae
771 2869 901 2923 nostrae
926 2855 1025 2923 saeris
1041 2855 1149 2944 Regia
1176 2877 1226 2922 sa·

158 2957 276 3049 pieotia
301 2977 458 3023 summum
485 2955 638 3045 praefecit
654 2956 905 3036 moderatorem,
931 2957 1017 3045 quod
1045 2977 1103 3046 pro
1127 2957 1226 3047 ipsius

158 3057 371 3130 munificentla
386 3079 496 3123 omues
512 3079 591 3145 quas
612 3057 675 3125 iter
688 3060 896 3148 longinquum
917 3057 1126 3126 desiderabat
1147 3065 1227 3148 dpes

157 3159 422 3250 suppeditaverit,
447 3159 494 3225 ric
518 3169 554 3224 ut
577 3181 637 3239 ea,
661 3159 794 3249 quaein
821 3159 1022 3228 Bibliotheca
1041 3159 1243 3256 Monacensi-

157 3263 266 3350 Regia
287 3261 387 3328 latent
409 3259 548 3326 subsidia
573 3259 814 3350 hymnologico,
844 3263 914 3351 ipse
945 3263 1152 3351 praesensio
1179 3259 1226 3326 lu·

159 3385 227 3430 cem
254 3363 443 3452 protrahere
472 3374 567 3449 atque
592 3363 623 3427 in
653 3385 729 3428 usus
763 3385 852 3428 meos
878 3375 1064 3428 conuertere
1089 3383 1226 3451 possem.

158 3465 273 3533 Debeo
299 3464 437 3551 denique
463 3485 534 3528 cum
560 3463 706 3530 omnibus
730 3463 839 3529 amicis
858 3473 955 3551 etque
979 3463 1157 3529 fautoribus
1172 3461 1226 3550 qui
1300 3517 1307 3526 .

159 3567 289 3634 consilio
322 3565 370 3631 rel
398 3563 545 3630 subsidiis
577 3563 722 3629 literarii's
754 3587 806 3630 me
840 3563 1046 3648 adiuverunt,
1078 3577 1144 3630 tum
1180 3563 1227 3629 ele
1290 3593 1297 3602 ·

158 3669 209 3757 qui
233 3667 339 3758 operis
363 3667 424 3732 mei
449 3667 480 3732 in
508 3663 1003 3758 Ephemeridibus'l’lreolugicls
1026 3676 1058 3732 et
1083 3664 1114 3730 iu
1140 3665 1226 3730 Ger·

158 3770 262 3836 mania
286 3779 318 3834 el
342 3765 426 3855 apud
444 3765 556 3832 Gallos
584 3764 848 3856 publioojudicor
864 3767 1068 3842 exstiterunt,
1090 3783 1226 3852 quorum
1254 3843 1256 3863 ἱ
1398 3808 1408 3824 .

158 3871 283 3960 quidem
312 3869 428 3936 iudicia
455 3867 533 3934 milri
566 3891 631 3936 nou
665 3867 768 3936 solum
800 3865 886 3956 qood
925 3866 1031 3933 multis
1063 3866 1096 3932 lu
1129 3865 1227 3934 rebe·

158 3968 209 4040 rue
235 3970 472 4048 dedecuerunt,
504 3971 740 4060 exoptatissima
765 3979 856 4037 eraut
881 3967 938 4037 aed
964 3967 1059 4035 etism
1085 3967 1159 4056 qula
1185 3967 1227 4036 el·

159 4075 229 4160 pubi
257 4073 395 4139 animum
422 4071 583 4140 laboribus
607 4072 776 4163 fatigatum
791 4069 1089 4180 deprehendebaru,
1114 4070 1228 4146 stimu-

160 4173 223 4244 tum
249 4171 419 4270 busiltuti
443 4175 627 4254 iniecerunt,

1400 4013 1408 4126 i

1400 4163 1407 4298 ,j
