2832 4978
693 417 805 500 ’ΞΝ

396 607 548 679 CCXGl.
594 613 649 680 De
669 617 705 683 S.
726 615 851 682 Ursulo
870 625 904 678 cl
921 613 1101 681 sociabus.

384 755 504 819 Festum
526 773 604 818 nuuc
624 753 738 816 celebre
759 771 924 835 magnaque
945 752 1055 833 gaudia

384 839 513 903 Festivis
535 829 661 902 celebret
679 839 757 902 votis
778 835 916 915 ecelesia,

385 925 465 988 llum
486 923 623 988 Christus
644 923 793 1004 uirginum
814 923 929 984 undena
949 921 1044 985 millia

552 1007 681 1071 Coronat
701 1027 755 1090 per
774 1005 947 1087 martyrium
969 1017 1023 1072 eto.

297 1168 379 1240 Meu.
399 1119 476 1288 laps.¹
517 1215 519 1226 ·
569 1173 578 1198 ⁸

656 1124 825 1140 ——-

492 1375 661 1447 coxon.
718 1387 773 1452 De
793 1387 829 1452 S.
849 1389 1007 1454 Martiae.

421 1521 544 1588 Fratres
561 1524 713 1588 unanimes
734 1526 850 1587 foedere
871 1524 963 1586 nexili
984 1534 1039 1588 etc.

294 1626 324 1673 r.
342 1607 395 1672 21.
418 1605 578 1670 Martinam
597 1609 733 1690 precibus
754 1625 829 1692 gens
850 1611 935 1672 modo
956 1607 1091 1688 Gallica,

420 1692 527 1774 Dignis
548 1693 683 1756 sollicitet
703 1706 803 1758 nostru
824 1693 999 1773 Germania,

419 1777 568 1840 Martinus
589 1779 676 1841 faeiat
698 1789 830 1858 tempora
851 1797 993 1860 prospera
1086 1843 1089 1850 ,

464 1862 585 1944 Mundi,
605 1861 721 1930 Christe
743 1865 825 1928 salus
846 1862 898 1926 tibi
921 1862 1028 1944 gloria.

653 1997 823 2014 ——a-r-——fl

291 2065 338 2134 ne
359 2065 438 2132 cultu
460 2064 493 2130 S.
506 2063 628 2128 Martini
649 2065 708 2130 late
732 2087 785 2150 per
799 2067 987 2132 Germaniam
1009 2073 1170 2150 propagato
1191 2063 1280 2128 aleas

207 2155 375 2222 Nickellum
395 2152 471 2216 ilcil.
493 2149 594 2212 Zeiten
616 2149 671 2228 lll,
695 2151 726 2214 2.
751 2171 779 2232 p.
802 2153 862 2214 193
885 2173 948 2234 sqq.
978 2153 1056 2214 luter
1088 2171 1188 2213 omues
1209 2169 1280 2210 eon·

207 2249 266 2305 etot
291 2258 310 2301 a
337 2231 507 2314 G'enuonis,
535 2253 608 2314 quos
635 2253 782 2314 nunquam
811 2235 974 2318 uoluptates
1003 2237 1156 2320 epularum
1177 2253 1281 2314 oeper-

205 2333 292 2387 uatos
313 2341 378 2384 esse
399 2339 484 2382 nemo
506 2337 564 2380 non
586 2317 717 2400 ignorat,
740 2319 816 2382 diem
837 2321 1002 2402 proximum
1024 2332 1090 2383 unte
1117 2321 1224 2382 festum
1245 2317 1279 2384 S.

76 2471 83 2480 ,
198 2407 330 2480 ,blartini
350 2405 462 2468 lusibus
476 2411 504 2465 ct
524 2401 597 2465 iocis
619 2404 734 2484 publice
757 2404 932 2467 celebratum
954 2425 1037 2478 esse;
1058 2425 1143 2486 quern
1161 2403 1277 2485 quidem

205 2513 318 2557 morem
345 2510 403 2552 nou
431 2509 450 2550 o
477 2495 606 2550 veterum
635 2489 848 2554 Germanorum
876 2490 1069 2570 religionibus
1095 2489 1147 2552 sed
1176 2489 1213 2550 ab
1241 2505 1276 2550 eo

204 2577 392 2660 repetendum
415 2593 535 2650 censeo,
558 2575 632 2652 quoul
646 2574 798 2640 conuolim
819 2574 934 2638 initium
955 2577 1096 2638 adventus
1117 2573 1208 2636 ianua
1229 2572 1276 2633 die

118 2723 125 2728 .
204 2665 311 2742 festum
332 2659 365 2725 S.
389 2657 510 2722 Martini
538 2658 707 2739 insequente
735 2659 949 2739 lieret,.pridie
971 2661 1035 2724 eius
1049 2659 1115 2722 lesti
1137 2657 1193 2718 tliei
1223 2677 1278 2738 po·

204 2756 344 2811 stremum
366 2744 452 2826 genio
474 2743 625 2823 indulgere
648 2743 798 2824 placuerit.
840 2743 890 2806 Ex
911 2745 1012 2806 eodem
1033 2762 1114 2804 more
1135 2741 1277 2822 intelllgi-

204 2841 251 2894 tur
271 2851 324 2893 eur
344 2831 451 2892 lectum
472 2827 505 2892 S.
526 2826 649 2890 Martini
670 2847 737 2888 cum
757 2827 911 2908 permultis
931 2829 1040 2904 sacris,
1062 2837 1122 2888 tum
1144 2824 1275 2906 prolenis

203 2913 382 2978 carminibus
404 2911 547 2994 prosecuti
575 2911 641 2974 etot.
684 2912 733 2972 Ex
758 2910 912 2976 biennum
941 2913 1060 2975 exhibet
1079 2909 1274 2973 llollmuouus
1387 2963 1389 2970 .

201 2999 314 3080 (RK,
335 3019 364 3079 p.
390 2997 468 3070 tot)
496 2993 737 3074 „Pontificio
765 2996 899 3058 eximii
921 2997 952 3058 iu
978 2998 1052 3059 saud
1071 2996 1204 3058 Merteus
1224 3011 1274 3054 erc

200 3083 434 3161 Patr-unique
463 3079 681 3160 largissimi
712 3079 767 3141 den
801 3081 883 3143 sebol
912 3083 967 3143 wir
995 3083 1081 3144 lobeu
1108 3099 1207 3152 sere..
1232 3077 1272 3140 ln

201 3167 315 3230 colos
334 3167 434 3228 festo
457 3183 621 3245 propere
643 3163 783 3225 concine
798 3168 1028 3229 werdcntmoste
1048 3166 1094 3226 Et
1114 3164 1179 3245 qui
1201 3164 1272 3226 boe

200 3251 324 3314 nollet
344 3251 499 3312 eredere
528 3247 579 3310 der
600 3246 662 3312 less
690 3248 736 3309 elle
760 3256 879 3312 'uurseu
904 3252 1035 3316 chosten.
1079 3247 1271 3312 Martinus

199 3335 351 3399 Christi
372 3331 538 3396 famulus
565 3351 626 3394 was
654 3351 710 3411 gar
735 3331 783 3394 oin
808 3333 913 3396 milder
938 3335 1025 3398 berre
1052 3331 1179 3396 Ditari
1207 3329 1271 3413 qui

122 3407 130 3430 ⁸
198 3421 283 3483 vult
301 3418 434 3482 sedule
453 3419 505 3478 der
531 3416 602 3498 rolg
624 3417 698 3480 nect
719 3419 817 3480 seiner
844 3418 916 3484 lere.
957 3419 1004 3482 Et
1032 3415 1270 3482 transmittat

197 3505 261 3567 lsi'c
274 3501 466 3568 stantibus
480 3501 527 3562 die
540 3501 662 3583 pleunig
676 3502 730 3564 aas
743 3504 797 3564 deu
812 3503 997 3566 tescbeu'llt
1013 3505 1124 3565 donet
1141 3499 1271 3564 scien-

197 3591 304 3652 tibus
324 3591 381 3652 den
401 3586 476 3649 uein
497 3587 527 3648 in
549 3605 673 3666 grosseu
700 3586 845 3666 lluscben,
876 3587 1021 3670 Detque
1055 3584 1291 3652 esurienti-‘

196 3674 264 3738 bos
284 3673 331 3736 elie
353 3681 460 3754 gueten
481 3671 585 3734 leisten
604 3681 707 3752 praten
728 3672 903 3752 gellingae
924 3695 1004 3736 curn
1027 3671 1268 3752 cauponibus
1404 3745 1408 3756 Ι

68 3809 77 3816 .
194 3759 249 3820 wir
269 3777 391 3820 nemeae
412 3765 572 3837 ougesaten
595 3756 655 3817 rel
680 3776 746 3836 pro
775 3757 917 3820 honore
947 3755 1095 3836 dirigat
1122 3755 1169 3816 elie
1194 3773 1268 3836 gens

194 3843 254 3904 und
273 3843 347 3905 aucb
370 3830 525 3902 ‹lie’anten
546 3848 583 3901 et
609 3839 672 3920 qui
693 3859 766 3901 non
795 3843 887 3904 bene
919 3841 1066 3904 biberit
1086 3843 1139 3902 der
1165 3837 1207 3899 eei
1237 3838 1268 3899 in

194 3927 259 3988 olem
279 3927 406 4007 penne.“
448 3921 496 3988 cb
523 3929 674 4004 praetereo
701 3925 824 3988 Aulsess
844 3925 991 4006 Anzeiger
1018 3927 1068 3987 b'tr
1088 3925 1194 3986 Kunole
1215 3923 1266 3984 ‹lee
1332 3997 1338 4004 ,

194 4011 351 4072 deutschen
372 4007 559 4072 Mittelalters
587 4007 681 4072 1832
710 4027 740 4086 p.
770 4009 820 4075 14.
852 4031 943 4089 „uns
976 4011 1028 4074 bot
1054 4011 1137 4072 frodo
1165 4007 1266 4070 bracbt

193 4093 304 4155 Martio
321 4095 374 4154 der
393 4093 482 4156 mille
503 4110 592 4156 mann
613 4091 742 4173 gessit.“

607 4313 876 4326 -n—t—-n-——flu-
