2836 4976
764 411 826 500 no

180 671 186 679 ,
259 598 324 670 llo'c
344 597 487 664 excitatns
507 597 647 662 Luciler'
824 601 888 664 Hoc
910 601 1053 668 cautulus
1074 603 1179 668 lncilcr

259 689 355 753 Solvit
375 685 477 768 polum
499 685 645 767 caligine,
732 685 774 748 lli
823 686 917 748 Solvit
939 687 1037 768 polum
1058 690 1202 771 caligine,

34 741 35 778 ³
119 789 135 808 ·
259 775 325 838 Hoc
347 768 441 834 omnis
462 785 594 832 crrouuu
616 769 723 832 elrorus
822 772 886 835 Hoc
907 772 1001 835 omnis
1023 795 1160 838 erronum
1182 776 1286 839 chorus

257 859 345 926 Viam
362 855 484 918 nocendi
505 854 623 919 deserit.
822 857 908 921 iliam
930 861 1049 922 nocendi
1068 860 1186 924 deserit.

256 1028 322 1091 Hoc
341 1031 431 1088 nauta
451 1022 530 1088 uires
549 1023 663 1106 colligit
811 1024 884 1090 ¹Hoc
904 1039 993 1090 nanta
1014 1027 1093 1091 uires
1114 1029 1244 1110 colligit,

225 1181 232 1198 κ
256 1113 398 1191 Pontique
418 1108 573 1172 mitescunt
594 1111 684 1188 loeta,
818 1111 960 1192 Pontique
981 1112 1134 1176 mitescunt
1155 1115 1243 1176 lecta:

255 1198 321 1260 Hoc
339 1197 407 1278 ipsa
427 1203 510 1275 petra
531 1193 670 1256 eeclesiae
727 1194 767 1256 15
818 1196 884 1258 Hoc
911 1197 978 1276 ipsa
998 1208 1083 1279 petra
1108 1199 1250 1264 ecelesiae

255 1281 385 1346 Ouneuto
406 1278 522 1364 culpam
544 1277 638 1343 diluit.
819 1279 1091 1368 Canentelculpam
1111 1283 1206 1348 diluit.

116 1491 131 1498 -
184 1465 190 1470 '
254 1451 420 1532 surgamus
441 1468 512 1530 ergo
532 1455 669 1525 strenuo,
815 1451 980 1530 Surgoruus
1001 1469 1073 1531 crgo
1093 1460 1227 1531 strenue,

254 1535 359 1599 Gallus
378 1533 505 1596 iacentes
526 1532 649 1611 excitat,
816 1535 921 1598 Gallus
942 1535 1070 1598 iacentes
1088 1534 1212 1614 excitat,

54 1612 58 1628 '
178 1634 188 1648 ‘
253 1621 292 1682 Et
313 1618 510 1682 somnolentos
530 1618 681 1699 increpat,
781 1621 854 1694 ,Eu
874 1619 1071 1682 somnolentos
1091 1619 1238 1702 increpat,

253 1704 358 1806 Gallos
378 1711 520 1786 negantes
540 1703 649 1784 arguit.
721 1702 766 1767 2⁰
816 1704 925 1768 Gallus
943 1714 1086 1788 negantes
1104 1706 1213 1786 arguit.

252 1869 339 1938 Gallo
360 1881 480 1936 canente
501 1891 570 1953 spes
591 1869 679 1952 redit,
816 1873 902 1936 Gallo
924 1881 1043 1936 canente
1064 1891 1134 1954 spes
1154 1874 1246 1951 redit,

247 1959 359 2039 aegris
382 1959 463 2022 salus
485 1956 666 2036 relanditnr,
815 1957 923 2038 aegris
944 1957 1025 2020 salus
1046 1957 1248 2041 rellrrrditrrr‚'

250 2043 355 2106 Macro
376 2043 499 2106 latronis
520 2042 671 2119 conditur,
813 2043 917 2104 Murro
939 2041 1060 2104 latronis
1072 2043 1229 2124 eonditor,

249 2127 358 2208 Lapsis
379 2127 451 2189 fides
470 2127 635 2189 reuertitur.
813 2127 921 2208 lapsis
942 2127 1015 2189 fides
1037 2127 1200 2194 revertitur.

249 2296 334 2374 lesu,
358 2295 490 2358 labantes
512 2292 645 2373 respice,
719 2293 761 2358 25
811 2291 894 2371 lesu,
915 2293 1047 2358 labantes
1065 2295 1196 2378 respice,
1308 2361 1312 2364 ,

248 2381 287 2442 Et
308 2399 364 2441 uos
385 2379 507 2441 ridendo
532 2378 666 2459 corriges
811 2379 850 2447 Et
871 2399 925 2440 uos
944 2379 1066 2442 ridendo
1089 2382 1219 2462 corrige:

248 2465 281 2525 Si
304 2463 427 2545 respicis
447 2463 523 2545 lapsi
545 2465 662 2525 stabunt
812 2463 844 2523 Si
866 2463 1004 2544 respicis,
1026 2465 1107 2542 laires
1127 2469 1232 2529 curlrrut

246 2549 389 2628 Fictaque
410 2551 499 2632 culpa
518 2549 651 2612 soluitur.
810 2543 953 2630 Fletuqu'e
977 2545 1064 2632 enlpu
1087 2551 1220 2616 soluitur.

246 2717 294 2780 'l'n
316 2717 370 2780 lux
390 2719 504 2800 refulge
525 2717 660 2781 serrsibus
810 2718 858 2779 'l'o
880 2717 1070 2802 lrrx'relulge
1091 2719 1242 2804 sensibus,

245 2803 410 2882 Mentisquc
423 2822 557 2867 somnum
566 2803 694 2880 discute,
716 2803 760 2868 30
808 2803 974 2882 Manlioque
996 2823 1129 2868 somnum
1151 2805 1277 2882 discute;

244 2888 290 2948 'l'e
303 2898 403 2951 nostra
416 2890 608 2970 roxprimum
617 2897 715 2968 sonet,
808 2887 853 2949 'Pe
867 2898 967 2948 nostra
979 2909 1039 2949 rex
1056 2889 1181 2969 priunum
1194 2902 1277 2955 sonet

242 2968 281 3034 Et
302 2992 353 3034 ore
375 2975 537 3054 psallamus
559 2973 620 3036 riui.
805 2973 844 3036 Et
865 2982 933 3034 rota
953 2971 1101 3036 solvamus
1123 2973 1186 3046 aiei.

686 3089 699 3098 b
706 3091 853 3100 .—-—.---

326 3137 460 3218 llyninns
489 3135 672 3219 praepositus
701 3155 766 3197 cnm
799 3136 830 3198 in
866 3137 953 3203 Brea.
982 3139 1132 3218 Romanu,
1164 3147 1196 3201 nt
1230 3140 1321 3205 lrorlie

241 3231 304 3299 cst,
333 3233 394 3285 turn
422 3224 453 3284 iu
483 3221 688 3285 uetustioribus
714 3221 885 3302 adsignatur
909 3225 1060 3285 Laudibus
1088 3224 1135 3284 die
1162 3225 1324 3308 dominica,

240 3309 291 3380 (in
319 3306 466 3388 singulis:
500 3309 537 3368 ad
572 3307 700 3386 primum
735 3307 808 3383 galli
844 3312 980 3379 cantuum)
1013 3327 1071 3369 non
1109 3307 1203 3368 sulum
1240 3315 1322 3390 quod

197 3397 200 3402 '
238 3391 378 3475 Bjiirnius
412 3391 559 3455 educarit
596 3409 614 3454 a
648 3390 802 3452 Doruiuiea
837 3391 1010 3470 proximiori
1048 3391 1170 3453 Calculi
1197 3391 1324 3463 Octobr.

238 3497 331 3560 usquc
358 3480 393 3537 ad
419 3478 585 3542 acrearum
620 3475 671 3537 sed
706 3475 792 3536 etiam
828 3477 865 3537 alr
902 3477 1011 3538 Octava
1045 3473 1228 3558 Epiphaniae
1264 3501 1322 3544 ns-

145 3623 148 3628 ,
238 3584 294 3642 que
323 3563 359 3624 ad
390 3559 473 3626 liora.
508 3563 537 3626 1.
594 3561 854 3640 eradmgesinoe.
917 3559 1006 3624 Vetus
1041 3561 1251 3626 monachorum
1282 3566 1321 3632 S.

237 3645 386 3710 Benedicti
420 3647 508 3712 Beer.
542 3646 624 3725 ponit
658 3663 775 3708 carmen
810 3647 847 3708 ad
884 3645 1065 3710 Nocturnum
1107 3647 1142 3709 de
1171 3656 1320 3728 tempore.
1384 3691 1385 3696 κ

237 3731 323 3794 Certe
351 3731 381 3792 in
411 3730 564 3814 permultis
598 3729 682 3792 lilrris
720 3741 874 3810 propterea
913 3730 1108 3808 desideratur,
1150 3732 1226 3811 quod
1253 3754 1332 3800 uon·

236 3817 268 3878 iu
296 3817 430 3880 omniluus
458 3814 589 3878 eeclesiis
625 3815 795 3877 cantabatur
827 3817 863 3876 ad
890 3817 1018 3878 Laudes.
1066 3815 1212 3898 Exemplo
1244 3831 1320 3883 sunt

236 3901 523 3981 Magdelunrgenses‚
539 3899 815 3976 Merselurrgeuses,
844 3897 1033 3960 Potorienses
1053 3919 1144 3978 quos,
1171 3901 1319 3984 inspeetis

235 3985 341 4048 lrarrrm
382 3985 571 4047 ecclesiarum
605 3979 788 4056 breviaria.
809 4001 902 4060 neque
937 3981 973 4042 ad
997 3977 1179 4046 Matutinum
1215 4007 1318 4068 nequo

235 4071 271 4131 ad
284 4069 400 4130 Larodes
422 4069 545 4148 hymnos
558 4075 690 4129 mercasse
711 4062 869 4144 intelliges.
911 4061 1022 4127 Deinde
1044 4077 1166 4132 testator
1179 4068 1321 4134 Clielrto-

234 4173 341 4230 ruens,
362 4151 449 4214 lunius
462 4153 563 4230 lnynnni
584 4151 651 4212 licet
671 4147 726 4209 soli
748 4149 803 4210 dno
826 4150 963 4228 postremi
986 4171 1088 4216 uersus
1109 4153 1139 4215 in
1160 4157 1320 4221 nonnullis

235 4235 367 4300 eeclesiis
381 4235 490 4298 auaui
505 4237 543 4296 ad
559 4235 660 4296 laudes
674 4231 751 4294 soliti
766 4232 841 4312 sint,
854 4235 989 4314 qnoniam
1002 4245 1079 4302 totus
1092 4239 1225 4320 apprime
1238 4261 1320 4306 sua-

233 4319 280 4388 vis
295 4319 335 4410 sit
348 4329 376 4384 et
388 4317 544 4386 ιιιΙωᾶιιω
556 4317 678 4399 elegans
690 4316 958 4400 nequeprolixitate
969 4315 1253 4403 lutidmnaoun,
1265 4335 1320 4389 to-
1376 4357 1383 4374 ι

1246 4419 1320 4476 tum
