2762 4976
589 445 674 520 11⁷

187 617 369 682 iirtnbiiibue
388 619 471 684 exuti
495 629 624 700 repetunt
643 622 804 703 originem,

186 701 220 762 iit
239 718 419 782 praesentem
442 704 570 768 veritatis
590 707 821 786 contemplantur
841 709 986 789 speeiem,

188 785 257 848 iiino
276 789 395 853 ritaiem
416 790 477 852 riri
499 790 586 854 sontis
608 792 745 854 bunrinnt
763 793 952 859 oiniceoiinena

188 901 374 969 intestatum
396 927 514 989 sempor
534 905 609 968 idem
631 907 773 968 existendi
795 908 927 989 capiant,

190 987 279 1068 Clari,
299 993 406 1070 ricini,
429 991 544 1054 incundi
566 990 657 1054 nniiis
680 1001 777 1073 patent
798 994 930 1054 msibuse

188 1073 291 1137 absunt
312 1077 407 1138 morbi
431 1097 547 1158 semper
569 1077 666 1153 sanis,
689 1087 822 1139 sericatus
843 1078 1006 1142 iuuenibus.

186 1189 255 1255 ilino
275 1215 402 1274 penem
425 1203 521 1256 tenent
542 1215 622 1274 esse,
643 1215 711 1258 nam
734 1193 858 1258 transire
878 1191 1008 1268 transiit;

187 1275 377 1354 interirent,
400 1278 515 1360 rigent,
538 1279 652 1342 florent:
674 1279 840 1360 corruptela
860 1279 984 1358 corruit,

186 1357 408 1427 inmortalitatis
429 1365 516 1445 rigor
535 1366 637 1430 mortis
658 1365 704 1428 ins
725 1364 884 1428 absorbuit.

188 1473 238 1550 aui
258 1477 397 1542 scientem
419 1489 523 1542 cuncta
545 1481 653 1564 sciant,
675 1481 742 1562 quiid
764 1483 877 1544 nescire
900 1489 1060 1564 nequeunte

187 1559 255 1624 Nam
274 1575 302 1626 et
324 1563 453 1645 pectoris
473 1584 582 1630 arcana
602 1577 751 1647 penetrant
772 1567 941 1630 alterutrum
949 1613 961 1642 ,

190 1645 276 1710 Unum
297 1649 418 1730 roinnt,
441 1671 530 1714 unum
550 1653 666 1731 noiant,
688 1651 783 1716 aniane
805 1663 849 1714 est
870 1651 1020 1716 mentium.

186 1761 258 1825 Licet
277 1767 418 1846 cuiqnam
440 1767 478 1829 sit
499 1769 646 1832 diversum
666 1790 720 1852 pro
740 1768 841 1831 labore
862 1769 998 1832 meritum

186 1846 295 1912 Caritas
317 1851 373 1913 boc
395 1852 465 1912 iacit
486 1873 571 1918 suram
592 1857 666 1934 qnod
688 1863 769 1916 amat
789 1854 819 1914 in
841 1853 947 1914 altero:

185 1931 335 2016 Proprium
354 1934 398 1997 sic
420 1935 604 2018 singniornnn
624 1937 655 2000 iit
677 1959 828 2000 comnenae
851 1936 988 2018 omnium,

189 2049 238 2112 iibi
257 2073 386 2134 cerpus,
408 2053 470 2116 iiiia
492 2055 554 2118 inre
576 2063 795 2136 congregantur
813 2051 947 2134 aquiiae,

186 2137 242 2210 Quo
263 2159 334 2200 cnm
355 2141 473 2220 angelis
494 2151 522 2202 et
541 2151 659 2203 sanctae
680 2146 848 2202 recreantur
868 2137 1000 2218 animae,

185 2219 243 2283 Uno
265 2241 343 2303 pane
364 2225 466 2288 rirnut
487 2226 565 2289 eires
588 2223 737 2308 utriusque
760 2221 881 2306 patriae.

185 2337 265 2400 iridi
289 2348 316 2400 et
338 2362 456 2423 semper
477 2343 555 2424 pieni
578 2344 652 2426 quoa
672 2343 779 2406 babent
799 2337 978 2418 desiderant,

185 2423 247 2486 Non
269 2426 390 2490 satietas
410 2429 536 2508 fastidit,
558 2447 650 2508 neque
672 2429 766 2492 bernes
788 2425 910 2487 cruciat:
1005 2443 1009 2457 ’

184 2507 329 2573 inhiantes
350 2533 467 2596 semper
487 2515 574 2576 edunt
595 2523 623 2574 et
645 2515 761 2574 edentes
782 2509 905 2572 inhiant.

186 2625 283 2692 Norae
306 2648 424 2712 semper
445 2631 586 2694 melodias
607 2651 667 2694 rox
689 2629 805 2692 meiooia
825 2631 996 2706 concrepat,

186 2710 219 2772 Et
242 2711 272 2774 in
294 2712 419 2778 iniriinm
439 2717 553 2798 preintu
573 2717 700 2778 mulcent
721 2733 807 2776 aures
829 2729 951 2790 organa,
1021 2787 1028 2802 ο

183 2795 281 2877 Digna
301 2819 355 2879 per
376 2822 463 2882 quem
484 2809 552 2864 unat
572 2801 697 2864 victores
718 2797 783 2879 regi
804 2798 873 2858 dunt
896 2807 1059 2874 praeconia.

184 2913 269 2974 iieiix
291 2915 365 2977 coeii
389 2915 437 2996 qni
460 2928 643 2997 praesentem
664 2935 765 2998 regem
788 2913 879 2976 cernit
897 2909 995 2972 anima

186 2997 222 3060 Et
242 3000 296 3060 snb
316 3001 386 3060 serie
405 3012 515 3081 spectat
536 3003 596 3065 aita
616 3003 695 3066 orbis
718 3001 795 3064 roivi
816 2995 997 3072 machinam,

187 3081 300 3162 Soieru,
322 3085 427 3174 trunam
446 3096 473 3147 et
493 3089 617 3170 globosa
638 3109 703 3150 cnon
728 3083 850 3167 planctis
872 3083 969 3144 sidera

185 3199 297 3264 Christe
321 3201 421 3282 paiens
442 3182 614 3266 bellatorum
635 3205 691 3266 boe
712 3203 742 3266 in
763 3198 955 3280 municipium

189 3285 318 3350 intrariae
338 3307 386 3349 me
408 3296 474 3368 post
493 3288 620 3352 eointunn
640 3289 765 3352 militare
786 3285 953 3366 cingulum,

186 3370 242 3432 Fae
262 3383 428 3435 consortem
447 3373 574 3437 donatiui
598 3375 745 3440 beatorum
767 3371 885 3434 cirion.

187 3487 292 3551 Probcs
314 3491 391 3554 vires
412 3489 585 3552 inexbnnsto
607 3483 749 3554 laboranti
773 3486 883 3569 pruoiio

186 3571 243 3636 Neo
264 3575 390 3656 quietern
412 3587 480 3660 post
500 3573 678 3654 procinctam
698 3575 826 3654 denegas
848 3568 968 3634 enutrito
1129 3559 1173 3624 nn

188 3657 284 3741 Tenere
305 3677 421 3724 merear
441 3657 526 3748 potiri
549 3658 611 3720 sine
634 3657 690 3720 tine
713 3658 851 3738 praemio.
910 3671 913 3678 ’
1133 3682 1137 3692 ·

562 3809 728 3824 -ι-σ--ΰ-

189 3903 248 3968 lieo
261 3909 295 3970 rie
316 3909 541 3974 amoenitatibus
555 3909 680 3992 paradisi
702 3907 839 3982 inhibita,
862 3903 938 3983 putori
956 3897 1082 3998 burgasti
1104 3917 1171 3958 een·

125 3991 308 4058 utuinooiunu
327 4015 420 4058 snare
442 3998 493 4057 sed
509 3993 702 4076 parmenionis
722 4011 812 4054 snare
827 3999 854 4049 ot
876 3990 1047 4062 luxurians,
1069 4000 1172 4062 ‹poem-

125 4089 193 4146 nnan
217 4076 243 4139 in
269 4079 344 4142 cnitu
367 4079 468 4142 diuino
491 4101 636 4162 nunqnam
661 4099 725 4141 esse
747 4075 898 4138 recitatrnn
925 4089 1025 4134 omines
1050 4085 1173 4162 consen·

126 4153 194 4236 iiiiii,
210 4183 270 4226 cnm
292 4167 369 4247 epoti
391 4165 608 4228 ecclesiasticae
630 4162 835 4264 hprnnoioppiae
855 4169 999 4220 amatores
1017 4154 1173 4216 celeberru-

126 4255 186 4304 nun
198 4247 245 4326 sit,
266 4251 349 4313 uobis
362 4269 478 4334 qaroqne
492 4251 611 4330 dignuin
626 4269 719 4312 rrsrrm
736 4259 795 4326 est,
810 4246 882 4326 quon
897 4235 1173 4335 tanquarn'pretiosa

126 4333 257 4408 amaria
271 4336 410 4400 thouarno
426 4345 526 4400 nostro
541 4334 755 4415 adiungeretur.
788 4329 943 4413 Reperiam
958 4327 986 4388 iu
1001 4320 1174 4385 eirtronrbns
