2880 4974
730 489 821 540 tv·

215 665 416 739 Germanos,
454 659 598 750 Aoglos‚
635 660 749 728 Gallos
778 681 894 730 nonum
924 655 1060 726 stadium
1090 650 1207 720 exarsit
1236 650 1286 716 nei

216 777 486 873 hymnologicae‚
527 777 609 845 adeo
643 777 847 847 admirandus
878 774 1135 862 incredibilisque
1170 790 1286 835 cursus

216 900 258 968 ad
287 921 414 966 omnem
446 897 665 966 excellentiam
691 899 808 968 sactus.
870 877 1164 985 ltaqoe'benevole
1189 909 1287 954 acce-

216 1027 333 1110 perunt
352 1017 784 1107 copiosam‘supelleotilom
825 1041 886 1108 qua
911 1011 1061 1108 expedita
1090 1009 1139 1076 ria
1162 1005 1203 1074 ad
1231 1027 1315 1071 sa·-

218 1161 294 1204 crae
318 1125 440 1226 ‘poesis
475 1133 614 1202 indolem
659 1137 838 1204 accuratius
879 1131 1132 1227 perspiciendam
1171 1133 1285 1214 aperta

106 1282 109 1291 “
219 1257 293 1325 ease
308 1255 482 1322 videbatur.
532 1255 608 1342 Ego
627 1279 703 1323 vero
723 1241 768 1322 in‘
780 1256 842 1323 hac
856 1265 948 1345 parte
963 1251 1037 1321 mibi
1053 1241 1285 1316 elaborandum

219 1397 292 1446 esse
307 1396 443 1463 aequum
468 1373 620 1454 iudicavi,
651 1385 687 1442 ut
703 1376 904 1442 Graecorum
925 1375 1144 1464 Syrorumque
1169 1360 1287 1432 carmi-

199 1518 262 1580 ¹na
302 1515 395 1561 sacra
424 1493 455 1559 in
490 1492 576 1559 cultu
597 1476 703 1561 ¹sacro
738 1493 879 1561 adbibita
908 1491 1085 1561 fautoribus
1122 1484 1287 1550 offerrem.

160 1643 163 1650 ·
220 1614 344 1704 Coptos
365 1615 584 1717 Armeoosque
617 1635 657 1679 eo
691 1589 818 1680 nomine
848 1608 1041 1680 omittendos
1063 1615 1158 1698 puto,
1197 1597 1286 1690 quod

204 1720 325 1824 ‘pauca
353 1730 573 1800 tantummodo
604 1733 744 1800 carmina
774 1755 885 1800 eoruru
921 1751 1013 1799 sacra
1040 1751 1060 1794 e
1091 1719 1286 1792 membranis

219 1860 312 1920 eruta
325 1861 414 1918 sunt:
453 1833 572 1942 quippe
591 1874 675 1942 quae
696 1852 727 1919 in
750 1851 862 1942 privati
882 1827 979 1920 studii
1001 1847 1048 1914 soi
1067 1843 1204 1944 ¹gratiano
1228 1859 1287 1905 ex·

220 1971 415 2061 scripserunt
439 1967 549 2036 harum
584 1970 760 2037 litterarum
784 1981 925 2038 amantea
946 1979 1042 2057 atque
1062 1961 1165 2055 periti.
1216 1955 1287 2024 Ne·

220 2111 284 2178 quc
313 2111 386 2156 cum
411 2089 547 2155 Graecis
576 2087 702 2176 quidem
726 2090 880 2180 Syriaque
906 2087 1004 2155 Musis
1032 2087 1100 2175 ipse
1128 2079 1285 2146 rationem

94 2245 97 2252 ,
220 2205 341 2275 babere
365 2205 454 2297 potui
485 2207 527 2272 ob
549 2229 661 2280 musas
685 2233 765 2298 quas
798 2231 908 2276 omnes
945 2222 1196 2274 commemorare
1220 2218 1284 2262 noo

221 2334 271 2393 est
306 2347 457 2406 neceam
507 2327 679 2416 praecipua
711 2339 818 2395 tamen
850 2327 929 2394 haec
962 2334 1051 2402 erat,
1093 2317 1178 2410 quod
1212 2315 1287 2381 ani-

169 2430 175 2445 *
221 2467 307 2512 mum
322 2455 510 2535 occupatum
529 2447 622 2516 babui
642 2449 673 2518 in
692 2449 827 2526 chartis,
851 2447 877 2514 si
900 2468 963 2513 non
988 2442 1089 2511 doctis
1109 2447 1215 2506 ιιιιιιιι
1239 2433 1287 2501 la·

220 2563 366 2634 boriosis.

325 2803 411 2872 Duru
433 2805 538 2871 animo
558 2803 775 2890 distrahebat,
807 2829 878 2874 cum
902 2807 963 2873 boc
994 2804 1069 2872 mibi
1090 2803 1287 2896 probabilius

221 2932 288 2988 tum
315 2919 393 2988 illud
435 2921 627 3003 videbatur,
674 2925 774 2994 adluit
804 2925 957 2992 dubitanti
1000 2921 1288 2992 Reinholdi

221 3039 489 3142 Yormbaumi
522 3019 659 3109 eruditio
689 3057 785 3134 atque
811 3025 1021 3112 boruanitas.⁸
1062 3043 1178 3110 Granis
1202 3043 1287 3110 enim

221 3168 257 3225 et
284 3156 397 3227 doctus
435 3161 640 3255 adolescens,
687 3189 706 3234 a
736 3187 800 3256 quo
838 3165 959 3256 optima
994 3185 1141 3254 quaeque
1173 3185 1289 3254 exspe-

221 3278 301 3346 ctari
339 3290 491 3370 possunt,
535 3306 645 3352 amore
682 3283 713 3351 in
741 3284 1002 3376 ’Hymnologiam
1045 3283 1204 3371 antiquam
1241 3281 1290 3346 io·

220 3397 421 3492 flammatus,
467 3425 539 3472 cum
565 3403 597 3470 io
629 3403 799 3472 Thesauro
833 3413 942 3471 nostro
973 3403 1103 3469 Graeca
1131 3401 1289 3468 carmina-

136 3517 144 3528 “
221 3513 448 3600 desideraret,
498 3522 568 3614 ipse
610 3523 766 3590 acerrimo
811 3521 934 3592 studio*
957 3521 1102 3590 lacunam
1140 3519 1290 3612 expleve-

222 3645 282 3704 rat.
351 3637 477 3707 Obtulit
503 3641 578 3710 mibi
608 3639 656 3709 nir
679 3639 862 3731 praeclarus
884 3643 1084 3709 Graecorum
1114 3640 1289 3710 carminum

222 3733 370 3823 uolumen
393 3755 635 3850 diligentissime
657 3771 832 3827 exaratum.
883 3759 960 3850 Ego
985 3757 1117 3828 utillud
1143 3769 1290 3849 augeret,
1354 3805 1360 3814 -

221 3882 349 3974 auctum
371 3873 476 3945 denuo
495 3875 720 3970 perlustrarat,
760 3876 898 3967 denique
919 3877 1091 3947 Thesauro
1118 3889 1228 3946 nostro
1253 3877 1291 3943 li·

220 3989 341 4062 bellum
371 3993 565 4087 adiungeret
595 3997 689 4064 etiam
719 4005 815 4088 atque
847 3997 941 4066 etiam
976 3997 1144 4090 rogabant.
1213 3995 1290 4066 Non

193 4109 351 4201 ‘negavit
382 4113 626 4185 Vormbuumios
657 4114 744 4207 quod
772 4123 955 4207 optaveram
986 4139 1048 4186 nec
1079 4117 1179 4187 deluit
1207 4119 1294 4209 opti-
