2892 4970
932 368 933 371 Ἰ
1037 347 1044 365 b

812 377 818 386 „
865 370 870 381 x

695 435 807 514 'aas

240 609 361 675 atton
382 611 450 674 serit
473 613 589 694 populis
709 677 715 690 ,
779 613 828 680 12.
839 611 960 690 Pisces,
980 610 1063 674 cibos
1085 611 1220 676 carnium

158 745 163 760 .
283 695 412 776 Utraque
435 708 621 778 testamenta,
840 697 995 776 Nunquam
1019 697 1201 778 concupivit,

280 781 440 860 Arrgrrlaris
462 782 566 864 lapidis
843 783 944 861 Neque
968 782 1072 844 lectum
1094 783 1186 844 alitem

190 926 191 934 ,
255 911 258 918 .
283 864 395 926 Stravit
415 869 613 930 laudamento.
842 867 939 942 Qaam
962 879 1068 928 terram
1093 867 1142 927 illc
1165 866 1264 930 seivit:

282 949 334 1012 Sic
355 951 502 1029 dupli-ato
842 951 915 1012 Dirc
935 952 1000 1012 earn
1024 951 1119 1012 cilicio

145 1033 152 1040 ’
263 1035 420 1098 ‘Reddidit
440 1037 563 1117 talenta,
841 1035 967 1096 Carnem
989 1035 1033 1096 aio
1053 1033 1205 1112 contrivit,

282 1119 421 1182 Salubria
439 1122 507 1184 dura
530 1123 638 1202 papirio
842 1120 931 1196 Quot}
949 1121 1102 1218 sanguinis
1123 1119 1227 1182 allusio

284 1204 371 1266 Dedit
392 1207 574 1270 documenta.
843 1205 943 1267 truie
965 1217 1011 1265 ter
1030 1204 1131 1268 abivit.

176 1424 181 1431 .
243 1341 274 1404 8.
286 1337 432 1404 Catbaelra
453 1339 636 1420 pestilentiae
751 1309 759 1318 .
783 1337 875 1408 13.la
899 1359 993 1416 agone
1016 1339 1179 1420 praedicat,

283 1423 341 1486 Hic
360 1425 459 1485 «tortor
484 1445 631 1506 arrnqaam
654 1425 737 1508 legit,
843 1425 959 1486 Fideles
980 1425 1162 1499 corroborat,

244 1521 246 1528 ’
285 1507 343 1570 Seu
366 1507 454 1572 v'erbo
476 1513 636 1589 sapientiae
841 1509 987 1571 Perterrot
1008 1519 1193 1588 peccatores:

285 1592 463 1673 anpeealas
484 1597 598 1675 abegit:
844 1593 965 1656 Scelere
986 1603 1192 1672 commemorat

285 1676 482 1742 Darnalieates
505 1681 620 1744 vitream
702 1699 706 1710 ·
845 1679 885 1740 Ut
905 1680 1026 1758 quisque
1050 1677 1137 1738 vitam
1160 1675 1287 1755 corrigat

286 1762 403 1823 llomini
426 1765 571 1844 confregit
846 1763 999 1844 Seqrrendo.
1022 1773 1136 1842 potrarn
1158 1781 1264 1828 mores.

286 1847 462 1927 Plebearqac
484 1849 677 1930 sanguineam

286 1930 412 1994 Domino
433 1934 558 2014 subegit.

244 2067 276 2132 a.
291 2066 370 2130 Dum
387 2068 499 2132 Romae
521 2069 630 2132 elerum
644 2072 743 2152 arguit
785 2067 1069 2132 launomarum
1092 2066 1189 2128 iacula

287 2151 386 2214 Laxui
409 2162 575 2230 vacantem,
846 2151 904 2214 Hic
923 2154 1022 2214 doctor
1042 2151 1105 2213 sina
1126 2151 1243 2214 macula

287 2237 331 2296 Ab
355 2238 424 2298 urbe
443 2226 581 2302 Sanctum
604 2239 711 2320 repellit
846 2236 987 2298 Sollerter
1010 2235 1171 2314 hebetant,
1292 2257 1304 2268 ·

286 2319 441 2402 'fananum
462 2323 722 2404 blasphemantem.
845 2321 915 2383 Post
937 2323 1077 2402 stirpanda
1094 2319 1242 2392 ¹minutula

522 2423 526 2428 '
846 2407 889 2466 Aa
913 2407 985 2465 eceb
1009 2405 1175 2468 habitacula

846 2488 983 2552 Felieiter
1006 2491 1152 2570 rrrigravil.

128 2663 132 2672 ι
181 2691 187 2703 ,
226 2623 279 2687 10.
292 2623 349 2686 Hic
368 2628 633 2690 excellentissimus
786 2629 835 2691 la.
849 2625 901 2685 Sia
922 2645 976 2686 nos
998 2624 1093 2686 alirino
1115 2624 1212 2704 gralia

211 2771 222 2784 ,
287 2709 371 2776 Vitae
393 2714 544 2775 sanctitate
845 2711 916 2773 Post
932 2710 1020 2771 buius
1040 2709 1116 2770 ritae
1138 2709 1243 2788 spatia.

287 2795 326 2856 Et
349 2795 433 2876 virgo
457 2789 631 2876 purissimus
846 2795 988 2856 Perdat-at
1010 2795 1045 2854 aa
1068 2793 1201 2854 cerevisia

200 2949 211 2968 ἱ
291 2879 368 2940 Vera
390 2887 519 2943 vastitate
850 2877 993 2939 Caelestis
1012 2877 1211 2940 hierarchiae:

290 2962 328 3022 Et
350 2965 614 3046 abstinentissimus
847 2963 987 3026 Rachelis
1009 2965 1056 3022 oet
1077 2962 1222 3023 rernsortia

288 3043 353 3106 Cibi
376 3049 532 3126 partitate,
849 3049 918 3110 Post
942 3047 1067 3108 laborem
1088 3047 1186 3126 Lyae,

289 3129 358 3191 Fuit
380 3143 407 3192 et
431 3131 599 3195 mitissimas
849 3131 886 3192 Et
908 3131 1043 3193 Marthae
1066 3141 1129 3210 post
1157 3127 1254 3190 officia

291 3213 407 3278 Morum
429 3217 596 3282 honestate·
725 3254 732 3259 -
852 3215 946 3310 Vitam
969 3218 1015 3276 det
1038 3213 1150 3276 Metrias

231 3353 278 3420 lt.
292 3349 420 3413 Stratum
443 3355 548 3414 tlrrrnm
570 3355 686 3433 babuit,
791 3351 921 3417 16:1*110
936 3351 1114 3426 interventa,
1138 3351 1300 3412 abeatissi·

291 3435 426 3498 Diaetam
447 3439 550 3499 duram
573 3441 664 3500 tenerit
896 3456 942 3500 rne
964 3437 1062 3496 docetor
1083 3435 1269 3518 Hieronyme.
1383 3467 1386 3470 ·

279 3519 416 3599 „Semper
435 3522 592 3602 vigilabat,

290 3605 329 3671 Et
352 3605 381 3665 in
404 3619 542 3686 qrrarrtnrn
564 3608 657 3670 velerit
743 3657 750 3664 .

292 3687 417 3752 Carnem
440 3694 528 3754 menti
551 3693 676 3756 subdidit

292 3771 393 3837 Studio
414 3779 546 3840 uacabat.

693 3897 837 3923 ι-ι--ο--τ

314 3993 392 4056 Sane
414 3995 511 4056 lcrrea
529 4007 612 4059 aetas
632 3995 735 4075 ganniit
756 3997 832 4058 banc
845 3995 1033 4074 Sequentiam
1055 4013 1141 4076 quam
1165 4015 1202 4058 ex
1218 3993 1299 4066 Mis·

230 4075 286 4136 sali
298 4077 516 4157 Nnmburgensi
530 4081 724 4161 transscripsi,
767 4079 867 4140 Habes
882 4099 986 4142 vocum
1003 4082 1192 4140 barbararum
1207 4081 1302 4140 sarra·

231 4163 345 4240 ginetn‚
367 4163 458 4224 babes
480 4165 642 4243 incantatae
665 4183 699 4225 ac
722 4165 846 4226 rusticae
869 4184 991 4244 poeseos
1005 4167 1224 4240 documentum,
1246 4175 1318 4244 qao'

232 4247 377 4327 seqaioris
401 4250 541 4328 temporis
562 4250 671 4311 Prosas
693 4270 711 4310 a
733 4259 847 4310 vetusta
868 4259 1081 4328 contestataque
1097 4247 1201 4308 virtute
1224 4247 1302 4328 prio,

233 4351 299 4400 rom
312 4329 419 4398 mirum
434 4331 464 4394 in
480 4335 798 4414 modumelcgmrerossa
811 4332 918 4414 optime
936 4335 1062 4394 docetur.
1082 4331 1166 4409 Quod
1179 4331 1210 4394 iu
1224 4331 1301 4394 culos
