2880 4974
274 1861 279 1871 “
356 1835 990 2000 nnsn'nsmru.

583 2251 772 2263 a—--·-··-·--··-

148 2556 274 2674 Nini!
305 2593 475 2660 admodum
507 2594 629 2678 habeo,
661 2597 703 2662 mi
724 2597 862 2678 beetur,
893 2595 978 2686 qnod
1000 2560 1215 2664 Prset'atiunis

30 2761 33 2773 ·
149 2717 222 2782 tuno
254 2712 517 2802 praemittendum
555 2713 687 2790 dueaus,
732 2715 791 2782 nisi
834 2725 869 2782 ut
897 2716 1020 2784 veniam
1055 2723 1160 2804 petam
1188 2710 1215 2779 si

150 2831 309 2900 Thesauri
330 2834 392 2898 mei
415 2833 577 2922 pomoeria
593 2833 773 2902 extendisse
788 2843 884 2923 atque
905 2834 1079 2926 exprioris
1094 2830 1216 2900 euusiiii
1273 2909 1276 2922 ι

150 2949 303 3040 angustiis
318 2951 348 3017 in
367 2951 516 3020 liberiore
532 2952 633 3042 spatia
647 2951 794 3020 eduxisse
817 2951 937 3028 videar.
990 2949 1119 3020 Etenim
1146 2969 1217 3017 enm

150 3071 286 3138 Latinae
309 3069 464 3136 eeclesiae
487 3071 637 3162 Hymnus
665 3071 897 3140 ecclesiasticos
917 3068 1118 3164 colligendus
1144 3065 1215 3135 iilu-

151 3185 362 3275 strandnsque
375 3190 595 3278 suscepissem,
620 3189 755 3288 verebar
768 3211 809 3256 ne
825 3189 917 3256 huius
930 3190 1028 3256 seeuii
1051 3186 1218 3279 ingenium

150 3303 384 3382 turbulentum,
423 3305 454 3371 in
485 3306 559 3372 rixis
590 3327 629 3372 ae
653 3305 750 3394 spinis
776 3316 982 3397 occupatum,
1023 3303 1214 3372 suavissimis

151 3421 299 3510 antiquae
325 3419 482 3488 eeclesiae
496 3423 698 3490 earminibus
714 3423 932 3513 obstreperet:
960 3444 1028 3490 nee·
1037 3422 1220 3512 cogitabam

151 3538 221 3608 iure
243 3552 277 3606 nt
303 3549 335 3605 et
365 3538 395 3604 in
419 3539 569 3606 Romana
593 3549 627 3607 et
657 3540 688 3607 in
714 3541 974 3634 Protestantiums
996 3539 1132 3608 eeclesia
1154 3551 1220 3607 tam

109 3667 115 3682 '
152 3657 240 3728 multi
261 3657 381 3750 coeptis
409 3657 569 3746 faverent,
595 3669 691 3762 atque
713 3655 796 3724 adeu
823 3657 1025 3726 'Phesaurum
1054 3656 1218 3742 desidera-

12 3805 27 3831 ·-
152 3789 225 3870 rent
247 3789 372 3846 anetum
406 3788 438 3845 et
462 3777 624 3844 orientalis
652 3777 792 3867 regionis
815 3775 950 3868 gemmis
978 3787 1011 3843 et
1034 3776 1219 3868 margaritis

153 3895 389 3986 locupletatum.
452 3895 527 3963 Nun
555 3895 630 3963 mihi
653 3895 686 3963 id
714 3895 837 3984 tribum
876 3893 965 3962 satis'
984 3897 1066 3964 enim
1090 3893 1160 3964 seio
1188 3880 1219 3961 in

154 4014 259 4083 multis
291 4015 433 4084 mihimet
469 4015 529 4108 ipsi
562 4039 615 4084 me
651 4035 715 4083 non
744 4015 819 4082 satis
846 4013 968 4082 t'eeisse.
1042 4011 1108 4083 seu
1121 4019 1124 4028 ’
1139 4012 1225 4107 apud
