2848 4974
621 479 719 532 ‘XV

76 715 79 720 ,
156 641 325 716 domiuus
367 643 459 714 Beati
500 645 624 736 pacifici
659 647 807 734 quoniam
840 647 896 714 lilii
930 645 987 716 dei·
1021 648 1227 725 vocabuntur.

160 745 243 812 (lun
270 746 348 816 mihi
376 746 506 838 dubium
531 737 718 826 noo'esset,
752 751 826 838 quio
857 749 888 816 is
914 747 1041 816 demum
1069 739 1227 816 veteribus

159 846 284 938 hymnis
318 847 379 916 lrui
405 861 514 937 posset
539 851 592 938 qui
618 851 756 928 animum
784 851 957 942 oculosque
981 851 1137 921 ecclcsiae
1165 875 1227 918 an·

157 949 265 1036 tiquac
286 950 331 1016 ita
356 950 517 1028 advertat,
544 965 578 1018 ut
603 975 673 1016 oum
701 953 747 1018 eis
772 953 824 1040 qui
840 953 980 1020 carmina
1006 954 1059 1044 illq
1074 951 1226 1040 pulcher·
1269 999 1278 1026 .

154 1052 233 1116 rima
265 1051 356 1116 nobis
390 1051 566 1141 reliquere,
606 1053 696 1141 quasi
736 1055 818 1122 vivat
848 1065 881 1121 et
911 1055 994 1120 inter
1029 1055 1100 1147 illos
1123 1043 1226 1142 ,quasi

153 1163 385 1230 commoretur,
410 1152 492 1222 harno
515 1155 614 1242 ipsam
641 1156 715 1225 milri
743 1147 860 1244 legem,
876 1156 963 1231 nullo
989 1177 1052 1236 non
1079 1165 1225 1243 tompore

153 1251 346 1343 sequendam
368 1253 453 1322 duxi.
503 1257 727 1343 Quaquitlam
759 1257 792 1326 in
818 1281 854 1326 re
877 1261 993 1337 oscum:
1013 1267 1085 1326 erat
1110 1257 1150 1322 ab
1175 1255 1224 1322 his

154 1355 346 1422 carminibus
374 1356 518 1434 iniurias,
542 1357 567 1422 si
591 1381 674 1445 quae
698 1382 717 1424 a
740 1360 858 1447 nostris
878 1361 923 1425 eis
948 1359 1055 1424 illatae
1079 1381 1151 1424 csse
1177 1359 1223 1423 rie
1295 1367 1302 1372 ’

154 1454 331 1536 debentur,
356 1457 643 1546 quomodocunque
669 1474 812 1548 poteram
838 1469 872 1526 et
897 1459 945 1525 rel
962 1482 1152 1549 magnorum
1178 1459 1223 1525 vi·

119 1571 258 1624 'rorum
291 1571 400 1648 spreta
432 1559 621 1631 auctoritate
652 1559 697 1648 (si
730 1583 810 1650 opus
842 1557 928 1656 erat)
968 1563 1111 1650 abigere.
1169 1560 1236 1628 De

152 1659 307 1742 industria
333 1670 438 1726 autem
466 1661 545 1738 leci,
577 1673 611 1726 ut
638 1672 806 1749 autequam
833 1661 896 1728 hoc
921 1687 1001 1752 opus
1023 1662 1222 1754 absolverem

152 1761 396 1850 absolutumque
437 1761 554 1850 publici
592 1763 668 1828 iuris
709 1765 866 1841 lacerem,
904 1763 1024 1830 selecta
1063 1763 1222 1828 ecclesiae

151 1862 358 1950 emungelioae
383 1863 523 1930 carmina
557 1862 588 1926 in
625 1885 741 1951 corpus
775 1859 905 1930 redacta
939 1866 970 1930 in
1004 1865 1107 1930 lucem
1139 1863 1222 1930 ede-

149 1985 233 2032 m:
249 1960 288 2052 *)
315 1987 387 2030 nam
412 1965 492 2030 siout
519 1965 652 2052 hymnos
679 1965 834 2030 ecclesiae
849 1967 964 2032 veteris
983 1965 1096 2030 latinos
1118 1987 1222 2050 aeque

148 2065 356 2154 evangelicae
387 2087 426 2132 ao
456 2065 649 2142 catholicae,
688 2067 734 2130 ita
768 2067 862 2132 etium
897 2067 1030 2156 hymnos
1064 2065 1220 2132 ecclesiae

148 2167 356 2255 evangelicoe
381 2191 444 2232 non
470 2167 542 2233 huic
568 2166 670 2232 solum
697 2165 754 2235 aed
782 2169 877 2234 etiarn
905 2171 1073 2236 Romanae
1106 2167 1219 2234 ollero.

147 2268 247 2334 Certe
280 2269 363 2334 enirn
402 2291 480 2356 quaa
506 2267 659 2335 ecclesias
699 2278 878 2356 temporum
909 2269 1099 2338 necessitate
1130 2292 1220 2356 sym-

147 2369 220 2434 bola
255 2369 423 2462 Bergence
456 2379 489 2436 et
510 2367 739 2438 'l'ritlentinum
758 2369 789 2436 in
815 2369 894 2438 duas
919 2379 1026 2460 partes
1052 2369 1220 2435 discissere

147 2493 202 2536 eas
233 2471 384 2550 flammae
415 2471 559 2560 pietatis,
593 2487 687 2557 quam
725 2471 831 2550 hymni
866 2474 1028 2559 utriusque
1062 2471 1219 2538 ecclesiae

145 2573 282 2664 spirant,
299 2569 544 2669 ¹quodammodo
569 2571 808 2659 conglutinasse
835 2573 988 2640 videntur.

248 2773 344 2852 Quod
370 2775 525 2865 reliquum
547 2783 615 2853 est,
639 2783 674 2842 ut
700 2754 719 2839 u
745 2773 921 2862 gratiarum
943 2761 1215 2862 actionejnitiom
1254 2779 1257 2792 '

143 2876 301 2970 ΜΛΝ
332 2899 394 2946 aec
428 2877 533 2948 fimat
558 2875 666 2956 lacot‘c
697 2896 844 2964 possum,
884 2876 958 2966 quin
988 2873 1113 2940 duobus
1142 2876 1215 2940 viria

77 2989 81 3004 ¹
143 2979 265 3068 gratia's
289 3001 386 3068 agam
410 2981 465 3068 qai
483 2978 529 3044 tle
549 2977 612 3044 hoo
637 2979 735 3058 libro,
769 2989 803 3046 ut
829 2977 873 3054 ita
897 2977 1020 3058 dicam,
1053 2979 1214 3044 nascendo
1253 3021 1258 3030 -

144 3083 264 3169 optimc
297 3081 400 3146 meriti
434 3091 541 3161 sunt„
579 3081 704 3145 Horum
738 3078 820 3146 alter
848 3091 897 3146 eat
929 3079 1008 3146 Chr.
1051 3077 1215 3156 lliedrich,

142 3181 255 3272 philos.
282 3179 414 3260 doctor,
441 3183 487 3246 vir
513 3181 588 3248 inde
612 3204 631 3249 a
663 3180 961 3260 iuvenc‘nmioitia,
991 3179 1215 3258 familiaritate,

141 3283 252 3350 studiis
276 3293 308 3348 et
333 3281 398 3347 duo
431 3305 488 3372 per
522 3282 622 3348 lustra
649 3283 743 3348 etiarn
780 3283 918 3348 muneris
951 3281 1105 3348 societate
1140 3281 1215 3346 mihi

140 3383 433 3464 coniunctissimus,
478 3385 530 3472 qui
574 3384 824 3471 quotiescunque
874 3384 987 3450 dubius
1031 3383 1229 3472 haerebam,

140 3485 272 3574 oonsilio
300 3495 332 3551 ct
359 3508 457 3575 opera
483 3485 559 3552 mihi
585 3483 829 3552 adstititz·alter
852 3497 904 3552 'eat
929 3483 1049 3551 iuvenis
1075 3484 1215 3572 optimae

208 3733 242 3800 ¹)
260 3729 775 3800 EvangeliochcaKirchongeaangbocb
801 3729 867 3780 oder
892 3729 1048 3796 Sammlung
1079 3725 1128 3780 olor
1149 3745 1214 3780 ror-
1265 3761 1266 3769 κ

138 3819 305 3889 ziiglicbotco
324 3815 545 3881 Kircheoliedor,
566 3816 647 3866 tbeils
663 3817 690 3866 in
710 3815 938 3866 alt-kircblichar
958 3813 1063 3866 Gaatalt
1086 3814 1135 3864 mit
1159 3813 1213 3865 deo

16 3939 19 3946 ·
136 3905 288 3958 Variaatco
312 3921 366 3956 roa
388 3903 513 3965 Buuoea,
534 3899 621 3964 Stier,
647 3899 764 3969 Knopp,
792 3899 853 3950 dom
872 3899 996 3950 Berliner
1021 3895 1212 3976 Lietlcrachatz

136 3990 193 4042 aad
212 3977 580 4054 dcm'Wiirtembergichoen
597 3981 960 4052 Gesongbuoba7liutwurl,
979 3981 1060 4032 thella
1082 3984 1110 4032 in
1129 3973 1214 4051 abg'e-

136 4073 245 4127 biiratcr
259 4072 316 4124 und
331 4073 543 4128 iibcrsrbeitetor
561 4072 648 4122 Foras.
685 4071 737 4121 lllit
759 4067 940 4121 eiuleiteoder
958 4065 1143 4135 Abhaorllung
1162 4067 1216 4118 und

135 4161 223 4213 ciuem
238 4158 465 4227 biographiachcu
480 4155 602 4225 Regitur
620 4156 668 4210 der
682 4153 970 4212 Lieder-Verfaaaer.
993 4151 1071 4204 Hella
1091 4151 1135 4205 bei
1154 4153 1215 4204 lob.

135 4245 179 4298 Fr.
191 4245 318 4316 Lippert.
339 4242 418 4294 Helle
434 4239 510 4295 1842.
