2836 4976
291 1163 1040 1314 Pron-egomenum

511 1393 634 1402 --ι----
644 1395 807 1406 qna-nn...-

124 1501 220 1654 Cuar
240 1587 306 1655 iam
334 1611 356 1654 a
386 1587 500 1678 primis
520 1583 695 1656 academici
717 1588 864 1656 curriculi
886 1589 995 1670 initiis,
1019 1611 1091 1656 cum
1112 1589 1191 1658 mul·

123 1696 215 1756 uram
233 1711 350 1758 rerum
375 1691 616 1780 opportunitate
633 1712 727 1770 usus,
751 1699 818 1757 tum
838 1701 1000 1759 auctorem
1023 1700 1057 1758 et
1078 1691 1191 1760 ducem
1268 1692 1271 1700 ’

124 1802 221 1858 nactas
236 1793 346 1860 virum
361 1791 591 1871 reverendum,
619 1793 670 1858 cui
679 1792 822 1860 tacendo
845 1815 898 1860 me
918 1795 1041 1881 gratim
1061 1795 1128 1861 scio
1143 1792 1191 1862 le-

125 1905 229 1960 cturam
245 1886 352 1982 quain
369 1891 476 1960 laudis
491 1894 679 1984 praeconio,
702 1893 809 1960 studia
824 1917 898 1960 mea
907 1896 940 1960 in
959 1895 1126 1964 historiam
1136 1919 1189 1962 ec·

128 1993 224 2062 clesiac
243 1997 452 2064 christianae
473 1995 589 2062 veteris
604 1995 783 2062 accuratius
799 1996 1059 2085 cognoscendam
1078 2005 1189 2064 contu-

123 2093 213 2166 uma
227 2110 260 2166 et
279 2105 418 2188 semper
432 2095 557 2163 iuhunc
570 2096 745 2164 studiorrun
763 2100 852 2187 quasi
864 2099 1102 2166 munitissimum
1115 2122 1189 2188 por·

121 2205 178 2265 tam
193 2223 230 2268 ex
247 2200 354 2268 huius
370 2201 526 2288 temporis
542 2202 781 2290 tempestatibus
795 2201 945 2268 lubenter
957 2201 1203 2292 confugissemu
1245 2268 1249 2284 ,

121 2297 226 2370 laetum
246 2313 306 2371 est
334 2312 371 2396 qt
392 2325 467 2368 mou
488 2299 585 2368 etiem
608 2303 710 2392 poetis
732 2301 910 2371 christianis
929 2303 1116 2396 hymnisque
1137 2327 1189 2370 co
1301 2385 1309 2398 x

119 2403 301 2472 desimtiois
325 2405 469 2500 animum
500 2388 710 2470 adverterem.
773 2405 858 2474 Nara
892 2427 976 2496 quae
1003 2405 1044 2472 ad
1070 2405 1189 2474 cultum

117 2503 253 2574 drinum
276 2507 443 2598 pertinent
466 2527 529 2596 pro
564 2505 681 2572 viribus
710 2507 905 2597 inuestigare
939 2518 973 2574 et
998 2509 1189 2597 perscrutari
1281 2531 1284 2545 ·

118 2610 265 2698 aprima
310 2619 421 2676 aetate
461 2627 534 2674 mea
562 2607 730 2700 plurimum
748 2649 751 2661 ι
766 2609 916 2677 interluit.
980 2612 1085 2697 Atque
1113 2631 1188 2697 ego,

120 2731 174 2798 qua
197 2711 325 2778 diutius
352 2712 385 2777 in
406 2709 457 2775 his
481 2709 624 2776 recentis
637 2709 767 2776 ebfidei
786 2719 819 2778 et
840 2712 981 2780 caritatis
1000 2710 1190 2778 christianae

119 2809 316 2882 documentis
330 2811 570 2904 cognoscendis
584 2823 725 2878 versatus
737 2833 824 2894 sum,
839 2837 880 2879 eo
898 2813 1045 2879 libentius
1059 2811 1189 2880 discessi

118 2915 358 2984 insententiarn
388 2915 487 3004 Casp.
513 2913 715 2980 Barthiiviri
736 2911 898 3003 etinsigni
919 2913 1084 2981 doctrinae
1097 2915 1190 3004 copia
1285 2945 1289 2962 ·

119 3027 150 3083 et
180 3016 365 3085 admirabili
386 3015 536 3084 laeuudia
551 3015 774 3098 'ornatissimi,
808 3017 879 3107 qui,
911 3017 1051 3095 Fateor,
1078 3016 1189 3104 inquit,

115 3118 150 3184 in
185 3121 290 3210 poetis
324 3119 489 3186 veteribus
518 3139 570 3186 me
605 3116 782 3187 christianis
820 3139 929 3186 amere
957 3119 1188 3208 simplieitatem

31 3259 33 3288 r
120 3219 218 3310 ipsam
240 3219 390 3288 dictionis
411 3234 453 3286 ee
466 3208 633 3300 sensuum,
657 3243 749 3308 qaas
779 3243 844 3311 qao
865 3231 914 3288 est
935 3219 1118 3300 candidior,
1147 3243 1188 3286 eu

118 3333 170 3388 est
189 3323 312 3392 meets
322 3322 468 3412 potior:
494 3341 566 3388 euru
589 3330 694 3390 tumor
713 3323 768 3390 ille
790 3335 824 3389 et
845 3323 1016 3390 affectatae
1035 3322 1187 3411 eloquen-

123 3423 182 3491 tiae
214 3427 362 3515 pieturae
388 3447 454 3490 non
488 3425 593 3491 sinant
616 3423 752 3491 animn-
778 3447 860 3514 pura
891 3447 994 3492 reram
1019 3423 1189 3492 dulcedine

127 3527 445 3595 armeminlusarum
461 3525 632 3614 gaudere“
658 3521 947 3614 (adv.L1V‚7).
981 3527 1097 3616 Neque
1111 3547 1197 3617 vero.
1236 3601 1243 3616 ι

122 3629 213 3696 rubus
245 3631 279 3697 in
314 3627 386 3696 dies
427 3627 601 3718 exploratis
631 3627 738 3695 eidem
770 3629 840 3697 viro
871 3627 1054 3719 diligentius
1075 3647 1187 3697 assen-

126 3727 172 3796 tiri
198 3731 343 3801 dubitari
373 3732 408 3798 in
454 3729 504 3796 bis
539 3751 621 3818 qaae
656 3729 765 3798 addit:
798 3729 938 3812 ·„Volo‚
972 3741 1007 3798 ut
1031 3729 1189 3798 redhosti-

121 3835 212 3900 meati
238 3835 313 3902 loco
341 3831 457 3902 felices
483 3829 569 3900 illce‘
589 3831 715 3898 aniurae
742 3833 805 3898 hoo
839 3855 858 3898 a
890 3855 942 3900 mc
963 3833 1118 3910 habeant,
1154 3841 1190 3899 ut

119 3935 232 4026 scripta
252 3959 364 4004 coram
385 3955 462 4002 mea
484 3955 547 4022 ope
567 3933 716 4026 leguntur
738 3933 986 4003 emendatiora.“
1033 3935 1189 4022 Magnum

119 4049 221 4104 autem
238 4038 485 4107 incitamentum
511 4035 622 4104 stadiis
648 4037 728 4104 meis
758 4037 894 4105 accessit
915 4059 954 4106 ex
981 4047 1029 4108 tot
1051 4039 1187 4104 virorum

32 4177 33 4190 ι
118 4137 279 4210 domormu
299 4137 446 4232 querelis
467 4137 600 4228 assiduis
622 4161 662 4206 ao
682 4137 894 4228 gravissimis,
926 4140 978 4230 qui
1007 4135 1189 4206 thesaurum

121 4237 299 4322 hymnorum
339 4261 521 4311 sacrorum
558 4251 591 4308 et
625 4261 697 4308 aum
734 4239 863 4331 quidem
899 4253 1053 4331 apparatu
1080 4241 1190 4310 critico

122 4339 295 4418 immotam
318 4357 388 4416 tntu
405 4339 587 4412 desiderari
621 4343 758 4426 manime
775 4343 890 4413 berum
916 4345 1094 4435 iterumque
1116 4363 1191 4432 pro·

970 4467 991 4513 a
