2864 4974
642 431 730 511 ue

9 651 11 670 t
57 669 69 682 ,
153 606 252 688 nub
271 606 489 686 comprobatae
510 605 670 673 uouirmnt.
718 607 930 688 trinumeri
951 607 1107 674 metiente:
1128 608 1218 676 Dies

152 695 238 756 irae
260 693 291 752 in
313 689 515 770 Germanicis,
533 693 672 772 Gallicis,
699 693 834 774 dugiiuis
858 691 1031 756 Missuiibus
1058 706 1125 772 epte
1151 715 1219 760 sue·

152 778 209 844 tuli
229 778 298 838 div.
320 775 406 838 bitrem
429 778 475 840 rei
497 797 573 842 saer.
597 779 673 848 XVi.
694 777 776 840 initia
797 777 880 840 editis
901 778 1103 860 investigaret,
1133 801 1219 862 prte-

150 863 209 929 mio
237 861 427 941 dignissimus
453 860 593 930 ridetur„
627 863 717 926 imme
751 863 801 926 iiio
835 863 899 944 ipso
938 869 1065 944 tempore
1093 866 1218 946 bpnmus

152 959 210 1010 tam
247 965 315 1008 roro
354 948 497 1025 reperitur
525 961 554 1010 ut
581 969 638 1010 nou
671 947 753 1027 prius
786 967 872 1028 qoam
903 947 1026 1012 Missaio
1054 948 1219 1026 Romnuum

152 1032 287 1098 omnibus
317 1032 449 1092 eeclesiis
471 1035 731 1111 praescriberetur,
762 1033 793 1094 iu
816 1031 862 1100 bis
884 1034 1052 1114 regionibus
1073 1047 1149 1096 esset
1170 1056 1218 1098 re-

151 1129 261 1198 ceptus.
276 1113 309 1197 1)
351 1117 408 1178 His
430 1117 518 1196 igitur
539 1120 672 1180 omuibus
685 1118 901 1198 eomprebrusis
922 1118 993 1180 satis
1008 1129 1084 1182 eerte
1100 1121 1218 1182 eeneiu·

151 1205 217 1262 dere
247 1203 331 1279 lieet,
365 1202 511 1262 auctorem
541 1203 644 1264 ltaiuut
680 1205 875 1283 hymnumque
905 1203 999 1283 ipsum
1027 1205 1064 1264 ob
1093 1205 1217 1271 eeeireit
1245 1253 1249 1278 .
1326 1233 1331 1248 ¹

151 1291 187 1348 od
211 1286 288 1348 xvi.
317 1287 464 1365 saeruium
480 1307 584 1366 ‚usque
613 1308 670 1350 nou
698 1289 804 1367 tritique
824 1308 895 1350 ⁴esse
923 1289 1075 1351 sancitum.
1123 1289 1227 1369 Atque*

149 1371 296 1435 Tbomam
323 1385 342 1434 et
368 1370 478 1435 celano
506 1390 623 1434 eurinou
653 1371 791 1434 ceeiuisse
820 1393 907 1452 quom
931 1393 1050 1456 prorsus
1071 1373 1217 1436 evidenter

136 1455 340 1534 ,demonstrari
363 1465 500 1534 nequeat,
522 1467 618 1520 tamen
639 1459 711 1520 bsee
732 1453 829 1536 opinio
845 1457 970 1528 maximo
993 1458 1150 1536 probabilis
1173 1457 1212 1522 ri·

149 1543 232 1604 detur
253 1561 319 1602 esse
339 1558 458 1619 eamque
478 1541 541 1602 iure
562 1541 811 1616 Mourisios..
827 1542 1103 1620 liniebat-bins,
1125 1543 1217 1616 Fen,

148 1625 240 1691 kius
259 1641 294 1686 ae
314 1625 426 1688 Lisco
441 1638 615 1708 sequnntur.
658 1625 758 1690 Habes
780 1647 832 1703 pro
850 1626 906 1688 bue
927 1628 1069 1690 sententia
1088 1627 1218 1692 testimu-

148 1712 231 1774 uinm
264 1709 490 1774 vetustissimum
519 1709 732 1772 bortholomaei
764 1711 881 1786 Pisani,
911 1711 1001 1772 babes
1042 1712 1215 1792 vituperium

149 1796 226 1860 Sinti
250 1793 407 1870 Senensis,
440 1795 515 1874 qnod
544 1796 608 1868 odio
629 1795 863 1858 Praedicaturum
892 1795 921 1856 iu
951 1797 1055 1859 iratres
1083 1797 1216 1860 Minores

150 1882 222 1944 bene
251 1897 412 1958 congruere
434 1880 554 1940 ridetur.
604 1880 705 1958 Neque
733 1879 881 1958 ingenium
905 1891 933 1938 ot
960 1899 1056 1942 mores
1083 1881 1216 1956 Tboprae

149 1963 199 2050 qui
227 1984 267 2026 ex
302 1963 424 2026 historia
457 1969 590 2029 eorsum
624 1963 762 2024 eorrniuis
798 1963 887 2026 indoli
922 1975 1095 2043 repugnant.
1158 1966 1216 2028 ltn-

149 2069 204 2130 qoe
227 2067 317 2128 gerrem
340 2047 476 2112 Missaiio
498 2048 615 2112 Ordinis
630 2047 662 2114 S.
679 2047 828 2111 Francisei
851 2049 1106 2128 pervulgatissima
1119 2051 1216 2112 essent

148 2137 178 2198 iu
198 2135 299 2212 iuriis,
319 2133 394 2194 bane
416 2136 594 2212 sequentinm
616 2135 716 2195 eodem
737 2134 821 2195 modo
844 2152 900 2212 qua
921 2152 1053 2212 prosam:
1081 2134 1216 2203 Stoboi

76 2216 81 2222 ’
148 2231 270 2284 mater
305 2217 529 2297 transmigrasse
563 2220 598 2280 nd
635 2229 723 2280 toturn
757 2217 885 2292 itniinrn,
924 2217 1007 2295 dein,
1046 2221 1081 2282 ad
1115 2222 1214 2294 orbem

148 2303 347 2368 Christianum
372 2315 498 2366 nonest
519 2303 592 2382 qood
622 2303 802 2372 dubitemusr
831 2303 930 2364 eouier
957 2317 1106 2382 praeterea
1136 2325 1215 2371 eom·
1264 2350 1267 2356 .

148 2389 368 2464 mentitionem,
388 2405 407 2447 a
430 2389 500 2449 riris
514 2387 605 2450 ductis
626 2387 719 2449 odbuo
739 2386 974 2462 nortamanni,
994 2389 1030 2453 od
1053 2409 1139 2468 quem
1161 2409 1214 2452 nee
1318 2439 1320 2448 ,

149 2475 220 2547 mihi
242 2473 339 2536 aditus
363 2473 492 2550 patebat:
521 2473 660 2534 Gioruaie
681 2473 716 2532 de
737 2471 869 2532 Litterati
897 2471 1007 2536 d’ituiia
1028 2472 1115 2553 Tum,
1138 2473 1214 2538 xiii.

147 2559 239 2622 Artis.
269 2560 319 2622 ll.
349 2557 417 2621 Seio
449 2568 543 2618 tannen
572 2558 603 2620 in
629 2557 685 2620 itte
720 2575 832 2636 quoque
864 2555 1064 2618 dissertatione
1097 2577 1214 2622 carmen

149 2645 282 2708 'l'bomae
305 2662 371 2702 esse
391 2641 577 2722 adscriptum.
622 2641 714 2721 igitur
728 2639 802 2719 qttod
816 2642 851 2702 od
874 2657 1040 2717 aeriorem,
1060 2644 1214 2720 spectatis·

148 2730 289 2795 timorum
318 2727 446 2790 virorum
472 2726 645 2790 sententiam
675 2727 797 2788 libenter
823 2727 928 2804 probor
957 2729 1030 2804 (pond
1059 2729 1094 2788 nd
1116 2737 1235 2802 textos,

148 2813 287 2894 primitivi
309 2811 450 2877 rationem
471 2813 508 2872 ub
531 2811 568 2874 iis
589 2811 713 2876 discedo.
755 2809 915 2890 Utrumque
942 2813 1019 2872 euim
1047 2831 1163 2874 earrneu
1185 2821 1213 2872 et

141 2899 304 2967 marineus
317 2895 468 2960 Mantuani
484 2907 512 2956 et
527 2894 764 2973 Hnemmeriiuii,
783 2896 836 2979 (ui.
848 2897 902 2958 snb
918 2895 940 2958 1.
957 2908 984 2956 et
1007 2895 1055 2976 ii.)
1079 2905 1158 2960 textu
1176 2898 1213 2960 ub
1304 2901 1306 2908 ’

149 2983 273 3050 eeclesia
295 2984 412 3063 probato
442 2981 598 3061 opinantur
625 2981 774 3042 vetustius.
818 2981 949 3044 Primum
972 2981 1037 3060 qnid
1060 2983 1095 3042 do
1117 2983 1213 3062 priore

148 3069 200 3130 itin
222 3069 366 3132 eantiieua'
393 3067 537 3131 censuerit
565 3065 736 3132 Mehnikius
761 3065 926 3128 erudiamus:
956 3065 1025 3141 „Es
1046 3069 1125 3147 tregt
1150 3067 1215 3131 sirit

147 3157 234 3232 eber,
256 3153 310 3216 trie
328 3153 434 3216 leutete
456 3153 531 3215 dena
551 3153 603 3214 der
624 3151 757 3231 Hymnus
777 3151 1006 3232 urspringliebi
1042 3151 1115 3214 Was
1135 3153 1214 3213 batte
1325 3155 1328 3169 '

149 3260 182 3304 er
207 3239 305 3318 uicbt,
335 3255 395 3300 mas
421 3237 485 3300 sieb
511 3236 543 3298 iu
570 3237 636 3300 dem
656 3235 712 3298 seit
733 3235 907 3315 wenigstens
935 3237 1120 3300 dreibuudert
1144 3235 1215 3300 inb·

154 3387 464 3408 Μ

108 3519 112 3542 ,
215 3473 248 3544 *)
271 3475 299 3524 in
331 3473 486 3524 Miassiibus
518 3471 703 3525 Bibliothecae
725 3473 920 3542 ,manuscriptio
961 3492 1029 3544 quse
1053 3469 1213 3544 perlustrari

148 3565 230 3597 unum
250 3543 315 3594 mibi
334 3543 442 3594 Prosunt
460 3543 584 3612 praebuit
603 3543 713 3592 biisssie
736 3545 890 3594 monasterii
914 3541 1123 3610 Tegeruseensis
1143 3555 1213 3592 enno

150 3611 217 3665 ttttb
241 3623 378 3664 sxerstum
404 3609 485 3668 (Cod.
514 3609 571 3674 17.)
599 3609 738 3660 Praeterea
771 3613 929 3676 investigari
956 3615 984 3660 in
1003 3610 1107 3660 Missrli
1128 3609 1213 3656 biren-

148 3682 327 3749 denburgeusi
352 3689 379 3732 st
406 3679 626 3745 Hureibergeosil
668 3679 704 3728 Ut
727 3677 808 3730 refert
834 3679 1007 3742 biohuikiue,
1034 3677 1212 3728 Rossbachius

148 3753 254 3806 invenit
273 3749 446 3816 Sequentism
464 3750 492 3810 ip
519 3745 616 3798 Officio
634 3746 829 3798 Defunctorum
845 3747 1060 3808 Hammonium,
1079 3741 1151 3814 quod
1169 3755 1212 3794 ttu-

150 3839 210 3870 men
236 3813 529 3872 saecuiuuutiecimum
554 3815 675 3884 qtrintum
704 3813 776 3864 haud
806 3833 932 3882 superero
960 3818 1022 3884 ipse
1052 3815 1211 3879 suspicatur.

148 3887 231 3938 Porro
251 3891 277 3938 in
297 3887 381 3936 tribus
407 3886 562 3936 dioeceseos
583 3884 751 3935 Suerinsnsis
779 3883 932 3936 btisostibus
964 3882 1119 3933 Mohniiins
1144 3881 1216 3932 Pro·-

149 3975 205 4008 tuun
230 3955 400 4008 desiderarit.
448 3951 528 4004 Addo
555 3953 608 4004 aiio
628 3971 651 4004 e.
676 3971 701 4018 g.
724 3951 1015 4018 Mogontinuru,1482
1043 3951 1211 4016 Frisiogense

150 4025 232 4089 1487,
264 4020 497 4074 Eicbstoedtense'
516 4017 598 4076 1487.
630 4021 791 4072 Petarieuse
817 4021 895 4083 1191,
927 4017 1104 4073 Cistereiense
1136 4014 1210 4082 1501,

147 4095 281 4162 Pregerrse
305 4091 386 4156 1507,
410 4091 551 4142 biiudense
578 4090 656 4150 1513,
676 4089 879 4155 Numburgense
899 4089 981 4150 1517,
1010 4089 1211 4138 Praerrroustra-

146 4175 222 4216 tense
242 4163 318 4214 ¹530.
355 4159 466 4210 Accedit
486 4157 560 4228 quod
577 4160 673 4212 rammi
698 4157 825 4224 ponderis
850 4169 898 4210 sot.
933 4157 1008 4208 Libri
1036 4155 1211 4218 Ciichtoruei,

145 4231 266 4299 Adelphi
289 4241 315 4282 et
335 4227 489 4278 Torrentini
515 4246 606 4278 omnes
632 4232 772 4280 continent
795 4227 889 4278 Proust
910 4243 979 4295 quoe
1003 4237 1066 4276 tuae
1082 4226 1212 4296 temporit

138 4301 174 4352 ·in
194 4299 356 4352 Germania,
382 4296 485 4359 Guilin,
511 4297 646 4364 ilungaris
670 4307 747 4348 eruum
770 4294 975 4363 divulgetioror:
999 4293 1047 4346 sed
1071 4293 1160 4346 nuilus
1178 4311 1212 4344 ex

147 4369 232 4424 tribus
250 4367 328 4420 libris
347 4364 468 4420 Thomas
487 4381 592 4432 carmen
612 4363 730 4418 exbibet.
959 4425 1013 4492 μ
