2836 4976
1143 455 1186 506 rx

104 623 196 690 simne
215 621 361 690 nullnm.
416 617 618 712 Hymncrnm
644 621 822 702 versiones,
845 621 872 688 si
899 643 984 711 quae
1008 625 1186 703 sudabant,

108 748 211 794 omnes
236 725 391 792 adiicere
417 747 439 790 a
463 725 626 814 proposito
649 738 758 792 nostro
784 724 921 793 alienum
945 725 1108 809 duximus3
1132 750 1188 796 ea-

87 851 172 894 ·mm
196 838 326 896 tantnm
355 847 444 914 quae
475 826 538 892 hm
559 835 636 894 ante
657 827 793 894 Lutheri
819 827 945 894 luerunt
964 839 1103 896 nentem
1135 853 1186 897 ra·
1252 861 1256 870 ’

16 993 17 1018 q
112 931 222 998 tionem
257 929 389 997 babere
423 928 515 996 uobis
544 927 649 1010 licuit,
678 935 816 1018 'querum
856 930 1091 1018 antiquissimae
1114 953 1186 999 cnm

16 1027 18 1052 ³
114 1033 183 1122 ipsis
205 1031 304 1100 codd.
331 1053 496 1098 manuscr.
527 1053 630 1120 paene
658 1029 777 1124 eodem
807 1031 879 1097 loco
911 1055 951 1098 ac
974 1055 1109 1102 numero
1128 1033 1186 1122 lne-

105 1125 233 1202 ¹headan
257 1143 344 1202 sont.
400 1132 439 1200 ln
469 1132 517 1201 bie
537 1131 742 1222 explorandis
774 1156 846 1200 cum
873 1133 1060 1204 Hoffmanni
1081 1135 1187 1204 studia
1263 1121 1266 1131 ¹

118 1238 186 1306 mibi
210 1237 349 1304 multum
376 1235 554 1323 proluerint
578 1230 801 1322 (Gescbicbte
827 1234 884 1302 des
910 1234 1085 1304 deutschen
1110 1237 1187 1305 Kir-

115 1338 294 1406 cbeuliedes
306 1337 359 1404 bis
372 1335 432 1404 sul
443 1337 583 1404 Lutbers
595 1337 678 1404 zato.
709 1337 845 1404 Breslau
863 1337 995 1421 1832),
1009 1353 1075 1408 turn
1091 1341 1187 1408 etism

119 1443 187 1508 rnihi
200 1441 340 1528 contigit
352 1453 391 1504 nt
409 1439 450 1506 G.
467 1439 507 1506 nt
522 1439 586 1506 Plu
598 1440 860 1528 Wackernagelii
873 1463 952 1529 opus
967 1443 1114 1514 eximium
1129 1465 1187 1510 nu-

16 1577 17 1602 r
118 1545 214 1633 perin
228 1544 335 1612 lucem
348 1541 470 1610 editum
484 1543 516 1610 iu
531 1563 604 1610 rem.
614 1563 718 1610 meam
737 1553 925 1610 convertere
946 1567 1074 1634 possem
1101 1542 1188 1634 (Dae

120 1645 267 1712 deutsche
289 1643 504 1712 Kirchenlied
525 1665 586 1710 ron
608 1643 723 1711 lllartin
745 1644 870 1713 Imtber
889 1646 936 1712 bis
958 1647 1014 1712 aul
1034 1645 1188 1714 Nicolaes

119 1747 258 1815 Herman
280 1745 349 1813 und
364 1745 549 1812 Ambrosius
575 1745 722 1812 Blaurer.
774 1748 937 1834 stuttgart
955 1747 1085 1829 1841).

211 1851 280 1917 lam
305 1857 342 1914 nt
356 1849 452 1914 etiam
469 1846 509 1912 de
530 1848 786 1914 adnotationibus
801 1847 901 1914 tribus
917 1849 1022 1914 verbis
1036 1849 1189 1930 dicamus,

127 1973 181 2040 pro
201 1951 336 2019 instituti
365 1949 468 2016 nostri
494 1950 617 2015 ratione
645 1949 836 2015 exclusimus
859 1972 930 2027 eas,
964 1971 1047 2038 quae
1065 1949 1106 2016 ad
1132 1973 1189 2016 au-

125 2063 235 2122 ctorem
255 2063 291 2120 et
315 2061 457 2118 aetatem
483 2050 671 2140 hymnorum
697 2053 900 2139 pertinenter
913 2071 996 2140 quae
1009 2052 1190 2141 lexicogra-

121 2155 217 2246 phici,
248 2154 375 2222 metrici
400 2153 559 2222 ueletiam
581 2153 780 2243 grammatici
796 2153 925 2242 generis
946 2164 1037 2230 suot.
1062 2149 1192 2245 propte-

122 2279 176 2326 rea
189 2257 274 2348 qnod
289 2256 367 2324 illae
382 2278 435 2322 res
449 2279 560 2322 omnes
575 2257 606 2322 in
622 2255 781 2343 glossario
794 2266 987 2338 tractantur3
1000 2259 1191 2346 omninoque

120 2359 273 2428 noluimus
286 2359 321 2424 in
342 2356 602 2426 adnotationibus
615 2381 653 2424 ea
676 2357 804 2426 uberius
817 2379 995 2447 exponere,
1017 2381 1100 2448 quae
1115 2361 1191 2428 satis
1331 2391 1338 2402 ,
1400 2397 1402 2410 ι

122 2461 285 2531 ridebatur
295 2461 329 2528 in
346 2460 456 2528 indice
470 2461 782 2532 breviternotnvisse.
803 2461 951 2549 Hymnus
965 2471 1000 2530 ut
1015 2461 1193 2531 adnotatio·

121 2565 210 2634 nibus
223 2563 373 2632 asceticis
387 2561 618 2629 illustraremus
634 2563 724 2630 nohis
738 2562 836 2628 suasit
850 2561 896 2630 vir
908 2585 1030 2630 srmrrne
1044 2585 1193 2634 reveren·

123 2665 178 2736 dos
191 2665 371 2735 Niolrelius.
411 2664 459 2732 Et
471 2663 549 2732 illud
576 2663 704 2751 quidem
727 2663 890 2751 negotium
914 2665 1060 2746 lubenter
1086 2687 1194 2734 susce·

122 2771 291 2860 pimenius,
326 2767 352 2834 si
393 2766 486 2832 nohis
517 2766 666 2836 licuisset.
724 2765 793 2834 Sed
823 2767 882 2834 nisi
908 2767 1055 2834 brevitati
1078 2791 1194 2856 usque-
1281 2791 1288 2805 ¹
1400 2821 1402 2852 q

16 2879 17 2884 ’
123 2895 246 2961 qnaqne
266 2869 408 2937 maxime
430 2866 620 2936 studendum
645 2867 775 2946 luisset,
802 2869 901 2934 multa
928 2891 1012 2958 quae
1033 2869 1075 2938 nd
1095 2869 1195 2938 histc.

125 2975 198 3040 riam
234 2971 397 3040 ecelesiae
428 2980 461 3036 et
494 2969 649 3060 dogmata
682 2971 859 3060 pertinent,
896 2971 1055 3059 copiosius
1082 2971 1196 3042 lusine-

125 3099 185 3165 que
200 3073 504 3166 explanariesemus.
555 3073 659 3148 Quam
685 3071 799 3140 eadem
820 3073 852 3138 in
865 3095 901 3138 re
915 3075 1072 3142 rationem
1098 3077 1129 3140 in
1145 3099 1196 3144 se-

16 3269 18 3274 ,
126 3179 229 3267 quenti
258 3176 423 3244 volumine
459 3175 600 3242 secuturi
631 3175 744 3254 simus,
779 3175 920 3242 nondum
945 3175 1036 3242 nobis
1062 3191 1197 3260 constat,

127 3303 218 3368 quum
240 3289 395 3368 qnantum
420 3276 479 3343 sibi
500 3275 627 3364 gratiae
646 3299 727 3367 opus
747 3289 889 3344 nostrum
914 3279 1135 3348 conciliturnm
1157 3282 1198 3350 sit
1285 3306 1288 3312 ’

125 3381 262 3450 nondum
288 3387 490 3470 compertum
516 3377 699 3445 babeamus.

220 3485 292 3552 lam
319 3505 384 3548 non
415 3479 552 3548 alienum
576 3481 637 3547 erit
660 3499 808 3559 narrare,
841 3477 955 3568 qulbus
988 3503 1028 3548 ex
1059 3481 1199 3554 lontibus

130 3581 324 3654 hauserimus
374 3583 552 3672 quibusque
590 3583 711 3649 auxiliis
745 3583 793 3648 usi
828 3581 933 3650 simus.
1010 3583 1200 3676 Quicunque

126 3684 233 3756 berum
263 3709 377 3756 rerum
406 3685 499 3774 periti
533 3671 620 3763 subt,
646 3685 668 3752 ii
700 3683 793 3757 facile
818 3683 1000 3775 intelligent
1030 3688 1120 3754 nobis
1145 3713 1201 3756 ex·
1340 3711 1348 3722 ’

125 3791 323 3880 spectatione
361 3787 499 3876 plurium
535 3785 669 3853 fontium
714 3783 834 3852 aditum
880 3807 951 3852 esse
992 3787 1201 3874 patefactum:

126 3893 275 3982 quodvis
291 3899 327 3959 et
343 3911 385 3956 ne
407 3889 459 3956 rix
473 3883 600 3978 quidem
621 3887 825 3977 contigisset,
851 3887 909 3954 nisi
926 3885 1095 3960 multorum
1119 3893 1203 3961 viro.

122 4015 190 4064 rum
207 3993 415 4084 benignitate
430 4013 469 4058 ae
483 3989 673 4058 liberalitate
686 3991 800 4058 mirum
813 3987 988 4056 iotuodom
1005 3989 1103 4061 adiuti
1117 4019 1205 4063 esse·

123 4121 201 4166 rnna
258 4097 340 4165 Non
369 4091 498 4182 quidem
529 4090 640 4161 dubito
665 4093 742 4184 quin
774 4089 874 4164 loturi
900 4091 977 4175 sint,
1008 4094 1120 4182 quibus
1148 4093 1206 4166 ou'-

123 4223 233 4268 meros
255 4197 409 4269 codicum
443 4215 587 4264 manusc.
617 4219 682 4264 non
707 4197 788 4268 satis
811 4215 947 4285 unques
977 4193 1139 4277 rideatnr‚
1175 4209 1210 4266 et

124 4303 195 4396 ipse
227 4299 379 4374 nnaxbue
417 4297 512 4370 doleo
545 4295 632 4390 qood
667 4301 700 4372 in
742 4295 945 4374 bibliothecis
974 4297 1212 4374 vindobonensi
