2848 4974
157 661 207 728 ll.
223 659 312 724 Scire
333 669 426 724 meter
446 660 563 744 pinctis
713 658 767 731 12.
782 662 813 727 0·
828 661 928 728 Meris
949 666 1037 731 stello
1055 670 1148 736 moris

219 747 258 808 Et
280 746 368 809 totins
390 747 545 810 Trinitatis
774 748 924 830 nignitate
946 752 1107 832 singularis

217 831 325 895 Nobile
346 831 519 894 triclinium:
775 831 872 914 Super
895 855 996 900 ornnes
1017 839 1162 904 ordinaris

176 939 186 948 ·
216 915 306 980 Verbi
329 925 424 978 temen
445 916 586 980 incarnati
775 917 900 982 Ordines
922 921 1100 985 coelestium.

215 1000 351 1080 Speciote
373 1002 517 1064 moiestoti
772 999 805 1064 ln
826 997 962 1084 'soprerno
984 1005 1122 1087 sitopoli

216 1085 404 1166 Proeptrons
424 1085 593 1168 hospitium.
770 1088 833 1150 Nos
855 1089 977 1168 assigno
998 1100 1064 1152 tuoe
1086 1092 1163 1172 proti

696 1220 701 1246 ,
772 1171 817 1234 Ne
839 1182 966 1236 terrores
989 1175 1051 1236 sire
1072 1176 1133 1240 coti

772 1255 835 1322 Nos
856 1258 1042 1340 supplantent
1062 1260 1202 1326 hostium.

411 1387 461 1456 13.
478 1391 524 1474 [in
546 1391 695 1472 procinctu
716 1388 865 1456 constituti

473 1475 519 1536 Te
541 1487 637 1538 tuente
659 1477 753 1540 simos
778 1475 830 1536 toti
837 1521 847 1552 ,

471 1559 637 1626 Pervicacis
656 1569 685 1622 ct
702 1560 813 1625 versuti

471 1645 556 1706 Tnse
577 1647 658 1706 cedet
680 1645 725 1707 vis
747 1643 862 1720 virtuti,

470 1727 566 1791 Dolus
587 1729 798 1809 providentioec

472 1813 536 1875 lcsn
559 1816 678 1876 verbnm
701 1811 806 1874 ειιιιιὶ
828 1811 921 1892 petris

468 1898 563 1959 Servo
584 1915 686 1961 servos
706 1908 773 1964 tries
794 1895 914 1976 metris,

468 1981 560 2044 Solva
579 2003 663 2060 reos,
685 1981 769 2044 solvo
788 1979 882 2060 gretie

465 2067 504 2128 Et
526 2087 580 2130 nos
601 2077 667 2129 toas
689 2064 830 2128 (inritatis

469 2149 627 2232 Contigorn
649 2149 786 2233 gioriocJ.

107 2465 128 2486 ⁶
232 2397 313 2461 Raro
335 2399 479 2464 invenitor
501 2402 532 2464 in
552 2403 726 2468 Missotttos
740 2403 915 2468 Germanice
928 2405 967 2476 (e.
991 2421 1017 2468 c.
1031 2399 1218 2484 Pstsviensi).

144 2481 259 2546 Cantus
280 2485 330 2546 hio
351 2485 399 2566 qni
421 2505 458 2548 ex
480 2489 569 2570 enimi
591 2489 704 2569 peritos
725 2487 860 2550 commoti
893 2487 1117 2550 inflammatione
1139 2506 1220 2550 emc-

142 2586 221 2629 noos
244 2569 270 2631 b.
294 2570 408 2632 Marios
430 2571 556 2652 virginis
579 2573 749 2653 dignitatern
773 2571 896 2634 summis
918 2571 1099 2633 concelebrat
1120 2571 1218 2632 londi-

11 2721 21 2735 ,
144 2655 218 2729 bos,
243 2673 300 2716 non
323 2673 380 2716 uno
401 2677 439 2718 ex
461 2659 650 2736 portesoinrn
673 2658 893 2737 protestantium
916 2655 1061 2736 cogitandi
1077 2657 1219 2718 rationem

142 2737 280 2816 offendit,
295 2737 335 2800 ito
352 2751 381 2801 ct
394 2759 452 2800 non
466 2745 571 2804 mirorn
586 2743 639 2820 sit,
654 2740 736 2804 inter·
746 2741 821 2804 otios
837 2741 1066 2817 Romhachicm,
1087 2750 1218 2802 nostrum

143 2831 297 2884 notantem
323 2843 440 2887 cornien
473 2827 581 2888 hancce
610 2827 781 2889 sententiam
815 2827 985 2906 protulisse:
1019 2823 1086 2904 „Es
1114 2825 1218 2886 tritten

140 2907 212 2978 sicin
232 2906 262 2968 in
281 2909 379 2970 diesen
401 2909 525 2974 Liodero
548 2911 612 2973 eine
632 2913 687 2973 Art
701 2909 863 2991 ,religiosor
884 2907 1057 2987 Romontik,
1086 2907 1132 2968 iiie
1154 2909 1219 2972 sich

142 2991 192 3054 his
221 3013 256 3054 co
284 2995 339 3056 den
368 2997 600 3076 ungclreocrsten
627 2995 895 3075 Schwiirnrcreien,
923 2996 956 3078 jn
984 3015 1019 3058 ro
1046 2993 1219 3056 wirirlichen

141 3075 439 3159 Gottesicisternngcn
458 3081 606 3142 verirrte“
627 3083 731 3162 (tort.
744 3073 774 3148 Ἰ.
798 3079 830 3144 S.
849 3077 911 3158 14).
955 3074 1041 3142 Certe
1063 3077 1113 3141 otii
1131 3080 1217 3142 etism

139 3182 183 3224 ex
207 3162 423 3240 protestantium
444 3186 566 3230 numero
587 3165 673 3228 oiitcr
693 3165 853 3227 indicerent
880 3176 909 3226 ot
934 3163 1057 3226 Noreiis
1085 3164 1112 3224 id
1141 3163 1217 3244 qnod

138 3247 292 3329 qnondam
331 3249 463 3312 versibus
499 3251 619 3332 egregio
660 3251 780 3329 cecinit,
821 3271 858 3312 cx
901 3259 1017 3332 pectore
1059 3257 1218 3328 repeteretc

134 3331 220 3414 „tot
250 3331 320 3396 sete
349 3333 414 3396 dicis
442 3333 470 3396 in
498 3335 618 3396 tonsend
648 3333 783 3410 Biidcrn,
813 3333 924 3410 Mario,
962 3329 1083 3394 ticolich'
1108 3349 1218 3410 ausge-

135 3415 282 3479 drn'rckt.“
323 3413 512 3500 Metephoros
527 3440 594 3480 vcro
610 3437 683 3497 quse
696 3419 752 3480 hoc
766 3427 850 3480 contu
873 3426 1027 3482 occurrunt
1041 3417 1101 3478 iore
1115 3435 1215 3478 omnes

134 3523 179 3566 ex
205 3499 325 3562 Contico
347 3499 532 3566 Coriticornm
561 3505 728 3583 desumptas
755 3523 819 3564 csso
846 3521 968 3581 eoccqne
995 3501 1032 3562 oio
1060 3520 1122 3562 rom
1151 3517 1217 3562 me·

133 3603 235 3667 gnam
258 3605 322 3648 com
346 3587 469 3653 Litcniis
490 3587 663 3650 Lacretonis
685 3587 901 3648 similitudinem
924 3583 1001 3646 citici
1024 3581 1109 3646 incito
1132 3579 1215 3664 qnis-

132 3690 199 3752 qne
223 3683 387 3750 cognoscet.
437 3673 466 3734 id
497 3693 585 3733 ocrim
614 3671 737 3732 anobis
759 3689 816 3730 non
839 3671 994 3750 probetur,
1027 3669 1101 3747 quod
1123 3665 1215 3728 Beato

131 3757 239 3834 Virgo
266 3757 419 3819 mediatrix
443 3757 590 3820 hominnm
614 3753 838 3835 appellarant,
859 3753 966 3834 quippe
990 3754 1064 3830 qood
1087 3751 1215 3812 iociiee

133 3839 231 3920 plebe
251 3839 329 3902 irriso
357 3851 385 3902 ot
413 3843 501 3922 impio
530 3841 623 3922 possit
650 3839 803 3921 explicari.
825 3873 865 3886 -
894 3839 924 3900 2.
946 3837 992 3900 Pt.
1021 3834 1142 3914 spino.
1184 3834 1215 3899 3.

18 3957 25 3970 ·
129 3927 186 3988 Pt.
218 3923 334 3985 stelio
361 3938 491 3988 costos
520 3961 562 3974 -
592 3943 788 4006 superans.
845 3923 875 3986 6.
908 3922 953 3984 Pt.
982 3921 1135 3983 hebens.
1183 3920 1222 3984 7.

127 4011 183 4072 Pt.
210 4026 344 4072 sorcin
365 4011 520 4076 inisero.
561 4009 650 4073 8.Pt.
673 4019 780 4070 tenes
803 4027 854 4088 pr.
877 4006 1004 4085 Stroptrs
1023 4003 1134 4066 docimo
1155 4014 1213 4065 ter-

107 4098 176 4157 'tia
213 4091 327 4172 iegitur
354 4104 464 4156 tontsrn
486 4096 516 4157 in
544 4096 631 4159 Mics.
659 4095 778 4156 Potum
806 4093 869 4153 sins
890 4091 977 4151 dnbio
999 4099 1043 4168 est
1063 4089 1165 4170 sperio
1185 4099 1214 4151 et

126 4182 271 4244 sortasse
291 4177 329 4240 nir
347 4177 492 4243 Monocoli·
515 4181 624 4244 ordinis
644 4199 797 4242 serrorum
818 4175 932 4237 Merito
953 4174 1077 4236 utiocto.

528 4367 834 4386 W

960 4459 1014 4526 flii
