2836 4976
214 431 292 482 um

218 597 342 670 duabus
367 597 409 666 de
441 597 554 668 causis.
616 595 760 668 Primum
796 597 883 688 quod
908 600 1052 670 homines
1085 599 1188 671 critici
1224 603 1291 670 eie·
1394 643 1401 670 2

218 701 332 770 ruituro
358 699 479 777 solent,
517 723 600 790 quae
626 699 681 768 ilia
708 699 878 770 traditione
909 701 951 770 ad
980 712 1119 772 nostram
1152 715 1292 773 aetatem

218 804 438 894 pervenerint,
482 827 522 870 ea
553 803 621 871 sere
647 804 753 872 omnia
789 829 810 872 a
836 828 912 874 vero
949 806 1021 895 pius
1056 805 1198 886 minusne
1234 807 1292 876 ab·

219 905 370 984 horrere,
414 903 448 972 id
487 906 592 996 ipsum
634 905 662 972 si
698 905 868 996 quidquam
887 956 890 967 .
906 907 993 976 eliud
1031 908 1063 976 in
1106 917 1292 977 controver-

220 1008 299 1074 siam
314 1007 489 1076 vocandum
522 1017 582 1074 est.
633 1009 738 1096 Atque
762 1031 828 1097 ego
851 1033 913 1076 non
934 1010 1045 1078 dubito
1065 1007 1231 1078 discedere
1258 1011 1292 1078 io

222 1109 409 1178 sententiam
430 1109 497 1178 Iac.
522 1109 685 1188 crimuni,
709 1111 762 1199 qui
792 1113 834 1179 de
859 1113 1050 1180 carminibus
1070 1113 1104 1180 S.
1132 1111 1293 1186 Ambrosii

222 1210 270 1278 ita
302 1210 421 1280 iudicet
455 1196 523 1300 (ot.
544 1237 577 1302 p.
602 1204 700 1297 XII.)
738 1213 924 1294 „Ambrosii
960 1197 1054 1294 nero,
1092 1235 1187 1303 quem
1216 1236 1293 1284 cau·

92 1324 94 1330 ’
154 1357 162 1380 r
221 1324 274 1385 tu·
297 1313 504 1383 ecclesiastici
534 1313 604 1390 iure
633 1323 758 1404 patrem
784 1316 947 1406 appellare
967 1317 1058 1395 iicet,
1096 1339 1160 1382 non
1182 1337 1294 1386 omnes

221 1437 293 1484 esse
308 1417 362 1504 qui
382 1416 582 1484 Ambrosiani
602 1415 767 1498 dicantur,
792 1417 865 1484 viris
888 1417 990 1496 doctis
1020 1417 1115 1492 facile
1137 1419 1294 1497 concedo,

87 1511 96 1590 ,'
220 1540 410 1607 quamquam
431 1541 471 1585 ea
492 1519 523 1584 in
548 1539 585 1584 re
607 1517 701 1586 vaide
730 1517 912 1611 discrepant
938 1541 1047 1588 eorum
1068 1519 1201 1602 iudicia3
1227 1544 1293 1588 nou

221 1631 339 1696 tamen.
352 1629 458 1710 putem
481 1619 615 1711 hymnos
634 1621 672 1709 h.
694 1619 791 1710 volgo
814 1623 1009 1714 adscriptos,
1036 1621 1093 1688 sed
1118 1645 1184 1696 non
1200 1623 1293 1720 egoi·

210 1732 272 1810 ,tos
293 1721 333 1800 ab
354 1720 529 1792 editoribus
552 1723 685 1803 criticis,
706 1722 827 1790 tardius
845 1747 939 1814 quam
956 1724 1106 1816 proximis
1132 1736 1203 1814 post
1217 1747 1292 1792 eum

94 1905 101 1914 ¹
222 1824 573 1923 saeculiscompositos
595 1823 712 1905 fuisse,
733 1825 816 1892 adeo
839 1849 950 1917 parem
969 1849 1008 1894 ac
1029 1828 1127 1894 ceteri
1145 1827 1294 1917 simpliei-

221 1935 319 1997 utem
334 1925 508 1996 reserunt.“
559 1927 839 2006 Ambrosionorum
853 1930 978 1997 nomine
999 1927 1060 2016 (ut
1076 1929 1108 1996 in
1121 1951 1162 2004 re
1182 1929 1293 1996 etiam·

221 2049 305 2100 nuno
345 2029 421 2098 satis
456 2043 664 2100 controversa
706 2028 783 2117 quid
814 2033 946 2100 sentiam
979 2031 1081 2098 libere
1117 2023 1292 2118 profitear)

220 2130 242 2197 ii
271 2129 380 2220 hymni
401 2131 477 2199 ruihi
504 2130 658 2216 contineri
678 2127 839 2210 ridentur,
861 2133 913 2218 qui
933 2131 1028 2198 etiarn
1050 2130 1195 2220 proximo
1221 2145 1295 2222 post

222 2231 423 2301 Ambrosium
451 2243 596 2320 tempore
613 2231 661 2302 ,in
693 2231 882 2298 breviarium
919 2229 1176 2312 Mediolanense,
1206 2233 1295 2324 quod

109 2331 112 2336 ’
222 2331 314 2403 ritum
339 2333 583 2403 Ambrosianum
604 2332 758 2422 religiose
776 2333 928 2416 servarit,
952 2334 1076 2426 recepti
1098 2345 1180 2403 sunt.
1229 2335 1295 2404 Ve-

221 2442 397 2504 rumtamen
423 2433 499 2504 setis
527 2434 680 2504 habemus
709 2433 793 2502 hanc
820 2459 888 2504 rem
919 2435 1032 2504 leviter
1055 2437 1216 2526 tetigisse,
1251 2438 1294 2506 ad

79 2531 93 2620 j
221 2559 315 2628 quam
336 2535 592 2628 pertractandam
612 2535 783 2626 aliquando
798 2547 974 2606 revertetur
993 2538 1174 2630 disputatio.
1223 2540 1294 2608 lam

131 2705 148 2720 ,
222 2637 376 2706 addamus
391 2637 524 2708 aiteram
538 2661 677 2720 causam,
692 2639 793 2708 eurio
809 2639 1003 2710 adornandis
1017 2641 1209 2710 carminibus
1221 2665 1294 2712 eam

222 2763 317 2831 quam
333 2739 467 2810 diximus
480 2741 614 2818 instituti
629 2741 784 2810 neonem
799 2745 898 2810 secuti
918 2744 1023 2812 simus
1074 2744 1159 2812 Nom
1183 2767 1295 2814 omnes

222 2843 275 2934 qui
308 2841 340 2912 in
378 2838 493 2914 studiis.
512 2843 744 2934 hymnolossicis
773 2854 939 2913 versantur
964 2867 1028 2912 noo
1061 2847 1295 2934 possuntquin

222 2943 399 3034 inquirant.
439 2962 526 3036 quae
557 2946 671 3035 cuique
696 2955 821 3036 ‚poetae
860 2947 1009 3024 carmina¹
1033 2944 1205 3014 traditione
1236 2949 1294 3016 tri-

224 3049 371 3118 beantur.

321 3149 384 3216 Vix
415 3157 520 3221 autem
538 3146 698 3238 estquod
725 3170 943 3220 memoremus
961 3147 993 3214 in
1022 3145 1147 3238 hymnis
1173 3151 1291 3218 exscri-
1343 3213 1346 3220 .

223 3247 336 3318 hendis
351 3273 408 3320 nos
429 3249 574 3320 codicum
595 3251 893 3342 manuscriptorum
918 3261 951 3318 et
970 3249 1124 3318 librorum
1148 3251 1294 3318 vetustis-

222 3351 371 3423 simorum
393 3354 613 3424 auctoritatem
637 3361 763 3420 secutos
788 3375 877 3432 esse,
901 3361 1010 3444 spreto
1031 3351 1198 3420 Breviario
1222 3351 1293 3418 Ro·

190 3455 192 3460 ’
221 3477 316 3524 roano
335 3455 453 3546 quippe
475 3453 560 3545 qued
585 3455 761 3522 sexcenties
784 3451 1061 3538 emendatumsit„
1108 3453 1176 3520 Sed
1196 3476 1293 3543 quum

222 3556 268 3624 ilii
301 3558 374 3636 riri,
412 3556 465 3647 qui
498 3556 637 3626 metricis
661 3555 849 3647 plerumque
878 3555 928 3626 dd
956 3557 1059 3626 causis
1097 3556 1198 3626 critici
1218 3579 1294 3648 par·

75 3733 80 3741 .
221 3667 271 3725 tes
304 3670 528 3749 susceperunt,
560 3659 615 3728 iiio
648 3659 780 3750 negotio
811 3657 991 3728 felicissimo
1018 3681 1115 3749 saepe
1143 3681 1294 3732 successu

221 3759 253 3828 in
280 3759 532 3830 braulionem
558 3760 699 3830 defuncti
722 3761 800 3842 sint,
824 3785 948 3852 nosque
967 3761 1150 3831 thesaurum
1170 3759 1295 3832 huncce

164 3861 165 3873 ’
221 3863 317 3932 etiarn
350 3864 494 3932 omnibus
519 3864 675 3956 ecciesiae
701 3863 873 3934 Romanae
895 3862 1029 3932 addictis
1053 3873 1204 3951 tauquam
1235 3863 1295 3932 do·

221 3987 297 4034 num
327 3962 501 4036 fraternum
534 3965 725 4044 offeramus,
756 3965 874 4034 sectum
911 3975 962 4034 est
994 3975 1029 4034 ut
1059 3963 1196 4056 hymnos
1227 3967 1296 4034 fera

222 4089 332 4136 omnes
376 4067 472 4136 etiarn
519 4069 600 4138 tales
646 4065 758 4158 quales
796 4067 893 4136 Brer.
933 4067 1116 4148 Romanum
1162 4069 1297 4159 praebet

222 4165 449 4238 describendos
487 4189 690 4242 curaremusz
737 4169 850 4238 saltem
881 4169 1070 4262 hymnorum
1100 4192 1210 4242 eorum
1242 4171 1296 4260 qui
1333 4173 1344 4184 “

187 4345 192 4367 ,
222 4281 298 4342 ante
327 4294 444 4345 aucum
473 4273 550 4344 MD.
581 4275 614 4342 io
647 4271 743 4342 Brev.
761 4273 945 4356 Romanurn
972 4272 1095 4368 recepti
1121 4283 1195 4354 suot
1217 4273 1296 4343 oroi.
