2836 4976
7 449 771 580 l
1152 495 1198 548 x!

7 653 8 656 '
99 657 163 728 diae
187 671 452 743 asservaretur,
489 685 574 729 nrmc
598 683 687 728 meus
711 673 769 730 est.
820 660 908 729 lueet
937 661 969 728 iu
996 659 1059 730 hoc
1079 661 1197 730 codice

7 799 9 852 l
102 763 227 840 „clm
240 787 352 854 super
369 765 540 832 Ymnosr
564 787 647 856 quae
661 775 765 832 temen
780 764 820 832 ud
842 763 1048 854 explicandos
1059 765 1196 856 hymnos

104 866 164 932 lere
176 867 258 933 nihil
271 867 430 934 confert.
473 867 563 934 Huic
576 867 707 958 glosm
721 867 967 934 commentarius
982 866 1023 934 de
1038 867 1196 936 summula
1310 895 1312 906 ·

109 967 290 1058 lluymundi
314 969 457 1037 additus
486 980 546 1036 est.
598 965 694 1062 (E.)

24 1219 25 1222 Ἴ
209 1131 289 1230 lv)
318 1141 590 1230 Antiquissimum
607 1163 717 1209 eorum
732 1164 813 1232 quos
835 1129 1028 1232 inspeximus
1046 1140 1193 1212 codicum

25 1237 26 1241 ¹
123 1241 263 1311 dommus
278 1244 474 1312 liberalitati
489 1244 679 1312 Rombechii
694 1244 761 1310 Viri
769 1243 974 1324 Doctissimi
988 1245 1193 1337 quicumpri·

125 1367 244 1412 nus-
260 1370 338 1413 num
361 1345 449 1414 haec
462 1347 575 1416 laus
548 1369 615 1414 erue
628 1369 754 1435 semper
769 1349 899 1436 propria
916 1349 987 1416 erit
994 1361 1026 1416 et
1043 1369 1193 1416 mansura

127 1479 170 1498 -
191 1448 223 1514 iu
247 1449 443 1540 hymnolous
410 1472 465 1514 trra
491 1450 572 1516 riam
595 1448 778 1526 muniverit,
799 1455 875 1516 tum
889 1448 931 1516 de
957 1451 1048 1520 nobis
1073 1451 1192 1540 optime

129 1551 248 1618 ueritus
273 1563 339 1630 est,
366 1573 441 1621 cnm
475 1551 568 1616 nubis
596 1539 737 1618 subsidia
770 1560 803 1616 et
834 1551 996 1618 rarissima
1028 1561 1061 1620 et
1092 1573 1193 1668 exop-

130 1653 271 1721 tutissime
306 1651 349 1720 ad
387 1653 594 1720 'thesaurum
633 1662 774 1718 nostrum
813 1651 1222 1744 suppeditarentur

129 1752 177 1819 ille
197 1777 289 1842 quem
314 1753 453 1822 diximus
476 1755 578 1822 codex
605 1777 645 1820 ex
672 1753 863 1822 bibliotheca
891 1756 1023 1823 civitatis
1049 1755 1193 1822 illustris·

131 1855 219 1922 simae
250 1857 536 1948 Hnmburgeusis
575 1879 669 1946 quem
703 1856 922 1968 Stapborstius
954 1853 1094 1946 (Hemb.
1117 1857 1193 1924 Kir-

135 1957 390 2046 ubengeechichte
418 1957 496 2024 'Pht
518 1959 545 2024 Ι.
569 1959 604 2024 S.
627 1959 699 2024 310
726 1949 819 2045 sqq.)
838 1931 963 2023 decimu
989 1970 1084 2046 utque
1111 1957 1193 2024 adeo

135 2079 208 2126 nouo
219 2059 349 2128 saeculo
366 2060 547 2150 adscripsit.
579 2060 704 2126 Contra
719 2059 936 2127 Rambucbtns
950 2059 1049 2132 Anth
1055 2059 1081 2126 I.
1096 2083 1132 2180 p..
1143 2059 1193 2126 23
1274 2129 1287 2160 x
1410 2051 1411 2058 ἵ

130 2184 217 2250 quum
247 2163 279 2230 in
308 2161 473 2230 codiceS.
501 2161 696 2230 Cathariuee
712 2161 839 2228 mentio
848 2161 932 2230 lucta
957 2163 1016 2242 sit,
1040 2184 1101 2230 suo
1123 2162 1193 2230 iure

130 2263 280 2356 saeculum
308 2263 611 2338 tertiumdecimum
637 2287 698 2330 nou
722 2263 954 2354 egrediendum
977 2287 1063 2336 esse
1073 2259 1201 2336 statuit.

128 2365 220 2432 Sed'
210 2390 243 2434 ιιι
268 2365 424 2434 eiusmodi
454 2365 616 2434 breviariis
641 2363 757 2454 duplex
782 2388 856 2456 pars
891 2347 1116 2458 distinguenda
1146 2369 1192 2436 ri·

128 2465 231 2548 detur,
257 2491 320 2536 una
346 2469 525 2559 primitiva,
549 2467 650 2534 ultera
675 2491 759 2562 quae
784 2491 823 2534 ex
844 2468 1022 2558 posteriore
1047 2479 1193 2562 tempore

126 2569 336 2638 additumenta
381 2571 490 2638 babet
556 2569 682 2636 Eodem
722 2569 802 2636 ratio
840 2570 964 2638 ridetur
994 2593 1065 2638 esse
1101 2570 1192 2638 huius

124 2672 254 2742 codicis:
281 2673 390 2762 hymni
406 2673 491 2740 enini
507 2672 538 2740 iu
553 2670 666 2739 lentum
685 2672 719 2736 S.
734 2667 947 2748 Cuthurinhe,
966 2673 1193 2760 Conceptionis

124 2773 239 2842 hieriae
265 2775 336 2842 aliis
363 2775 478 2842 litteris
505 2787 640 2841 aetatem
667 2763 885 2864 posteriorem⁴
901 2773 1112 2840 indicantibus
1137 2797 1193 2843 ex-

124 2878 225 2968 scripti
247 2891 338 2960 sunt;
364 2888 398 2944 et
412 2865 511 2966 quum
536 2876 738 2964 bocquuque
765 2875 903 2942 notabile
925 2877 982 2954 sit,
1008 2875 1142 2965 hymnus
1161 2877 1193 2944 iu

125 2975 229 3046 testum
260 2981 419 3070 Corporis
447 2978 566 3046 Christi
597 2977 737 3044 nondum
771 2977 920 3071 inveniri,
953 2976 1037 3046 haud
1063 2978 1130 3044 scio
1152 3001 1192 3046 an

123 3079 193 3162 utut
211 3081 299 3172 quod
316 3081 636 3162 commemorayimus
652 3079 813 3168 proprium
840 3078 881 3146 de
907 3091 1052 3170 tempore
1071 3080 1193 3148 duode-
1270 3095 1275 3112 ·

124 3183 199 3250 rimo
214 3195 313 3274 etque
328 3185 415 3251 adeo
432 3181 600 3248 undecimo
617 3182 746 3248 saeculo
766 3181 988 3268 vindicandum
1003 3183 1055 3251 sit.
1109 3172 1192 3275 (H.)

215 3352 271 3446 V)
298 3353 503 3422 Breviarium
528 3351 752 3422 dioecesanum
786 3351 988 3420 chartaceum
1013 3376 1053 3420 ex
1078 3353 1192 3420 bibliu-

121 3453 206 3525 theca
234 3461 317 3526 Rer.
344 3455 489 3548 Capituli
514 3455 717 3526 Cathedralis
748 3455 1024 3543 lllereeburg'ensis
1056 3456 1193 3522 liberali-

121 3559 175 3624 tati
194 3559 342 3640 proteri,
381 3559 454 3625 viri
480 3559 697 3634 ornatissimi,
730 3555 853 3638 debeo;
878 3559 932 3647 qui
963 3556 1067 3624 codex
1097 3581 1193 3624 menn
1230 3619 1232 3622 .

118 3658 263 3752 scriptos,
291 3661 355 3730 etsi
384 3662 438 3727 rix
467 3659 627 3728 saeculum
655 3671 800 3748 quartum
823 3659 980 3726 decimum
1006 3657 1193 3748 egredietur

117 3765 207 3832 multa
238 3780 350 3834 tamen
388 3763 532 3829 continet
559 3763 698 3854 propria.
751 3761 789 3827 ln
816 3761 864 3827 his
896 3759 1086 3852 hymnorum
1112 3785 1192 3850 pau-

117 3865 176 3934 cius
204 3881 238 3936 et
263 3869 489 3945 Octarerum3
515 3863 602 3932 ‘nam
632 3863 748 3931 desunt
777 3861 858 3929 adeo
881 3863 1025 3931 Octavue
1049 3861 1193 3955 Epipha-

113 3968 180 4037 niae
204 3983 239 4038 et
260 3965 514 4058 Assumptionis.
566 3961 652 4058 (M)

205 4136 282 4228 VI)
308 4137 351 4207 In
366 4133 459 4202 libris
473 4157 567 4202 manu
582 4134 723 4225 scriptis,
744 4156 825 4224 quus
839 4131 897 4200 Fr.
908 4131 1017 4201 lunius
1031 4131 1193 4202 indefesso
1251 4160 1269 4197 ¹.

112 4240 217 4309 labore
246 4243 331 4310 satis
347 4238 406 4305 ille
428 4249 538 4316 notus,
563 4236 722 4330 possedit,
746 4246 858 4327 postea
876 4247 980 4306 nutem
1001 4235 1194 4304 bibliothece

113 4345 308 4416 oxoniensis
346 4337 532 4430 acquisivit,
575 4339 661 4408 inest
689 4339 785 4408 ctiam
817 4349 940 4408 uetusta
974 4335 1194 4430 interpretatio
1232 4435 1234 4442 Α
