2832 4978
633 441 731 520 881

132 625 212 688 ono
232 621 291 686 Dei
311 620 387 704 arto,
703 615 743 680 Ut
764 617 871 682 vitrum
891 637 951 680 nou
971 615 1096 682 laeditur

131 709 263 790 Virgine
284 708 319 770 tle
339 723 414 790 pura
702 702 774 764 Sole
795 713 982 784 penetrante,

134 795 177 858 Ut
201 811 274 856 rosa
295 795 331 854 de
351 792 413 854 lilia
638 823 640 826 ·
703 787 754 848 Sic
775 789 879 852 illaesa
899 789 1026 850 ereditur

93 907 95 924 =
131 877 289 960 stupescit
307 886 430 955 natura,
703 873 774 936 Post
796 883 913 954 partum
933 883 961 936 et
982 879 1049 935 aute

132 963 237 1040 Quem
256 961 335 1044 parit
355 960 510 1024 iureucrrla
566 1037 567 1040 Ἴ
699 955 792 1020 Felix
815 959 889 1022 lraee
910 975 1056 1038 puerpera

132 1049 250 1111 Natum
272 1055 339 1110 aute
359 1043 478 1110 saecula
705 1040 797 1105 Cuius
818 1053 899 1106 casta
919 1043 1033 1106 viscere
1160 1067 1165 1084 ·

133 1133 311 1196 Creatorem
331 1151 430 1192 rerum
704 1125 799 1188 Deum
815 1137 1002 1210 genuerunt,

107 1263 109 1266 -
133 1219 226 1294 onoc
246 1218 320 1280 uber
340 1211 498 1280 munditiae
707 1213 743 1274 llt
765 1213 849 1274 licata
870 1215 961 1274 ubera

134 1303 199 1365 Dat
220 1303 267 1364 lac
288 1299 442 1382 pudicitiae
610 1315 616 1324 ·
704 1297 738 1362 lu
757 1307 852 1360 aetate
872 1305 972 1359 tenera

135 1387 268 1469 Antiqua
289 1385 412 1449 dierum.
704 1381 855 1448 Christusne
876 1383 1066 1450 lactaverunt.

440 1498 573 1579 Angelus
594 1499 762 1582 pastoribus
797 1539 799 1544 =
924 1561 928 1568 ,

482 1584 568 1646 luxta
589 1605 674 1648 suurn
697 1603 819 1666 gregem

441 1669 532 1732 Nocte
554 1669 741 1752 vigilantibus

482 1753 590 1821 Netum
611 1755 684 1816 coeli
705 1772 807 1832 regem

439 1836 565 1900 Nunciat
585 1859 652 1902 curn
673 1839 780 1920 gaudio

437 1921 581 1984 lucentem
603 1924 634 1986 in
654 1921 809 2005 praesepio

472 2071 475 2082 ,
499 2007 641 2072 Infantem
663 2012 843 2089 pannosum,

439 2092 620 2174 Angelorum
642 2092 790 2154 domiuum

437 2177 475 2238 Et
498 2196 567 2256 prae
590 2179 666 2241 uatis
686 2179 837 2242 hominurn

482 2261 592 2324 Forma
613 2261 788 2345 speciosum.

578 2379 779 2395 w

231 2428 340 2494 Reno.
368 2349 457 2493 Aullr.
484 2427 508 2492 l.
531 2450 561 2510 p.
582 2430 656 2495 333.
683 2429 893 2510 Wackermp.
917 2427 960 2496 36
988 2447 1027 2493 cx
1054 2428 1091 2496 L.
1118 2429 1215 2496 Loesii

141 2513 362 2596 Psalmodiap.
383 2515 435 2577 26.
452 2513 615 2576 Notissima
636 2523 680 2576 eet
701 2523 817 2576 vetusta
837 2513 988 2578 translatio
1010 2514 1111 2593 „Der
1132 2505 1217 2598 Tag
1255 2539 1302 2554 ’-

142 2597 210 2663 der
231 2601 282 2662 ist
310 2619 350 2661 sc
332 2535 643 2661 plreurleureielr
669 2597 775 2660 allen
802 2561 1029 2663 Cretatam„
1039 2600 1217 2688 (waslare

142 2686 208 2766 93)
235 2695 428 2764 quartarum
455 2685 486 2746 iu
507 2684 635 2746 secunda
662 2684 830 2781 stropha„
836 2683 909 2746 Eia
935 2667 1156 2748 Kiurlelcirr
1175 2707 1216 2748 sc

142 2769 343 2832 liilrelich“
370 2768 454 2830 rulrle
483 2787 503 2830 a
530 2767 621 2829 latino
650 2767 779 2830 carmine
805 2730 960 2849 iliserepat.
1013 2770 1097 2833 Haeo
1123 2771 1217 2836 saneti

144 2853 281 2918 infantuli
308 2853 435 2915 laudatio
462 2853 590 2916 Lnthcro
620 2862 679 2915 tam
708 2864 827 2934 accepta
854 2863 916 2916 erat
945 2863 976 2918 ιιι
1002 2856 1072 2935 quin
1093 2857 1217 2937 etipse

144 2939 249 3019 spiritu
270 2947 380 3002 saneto
389 2939 595 3019 processisset,
623 2937 742 3000 minime
770 2937 922 3002 dubitaret.
962 2939 1218 3005 HcllmaauusD.
1316 2997 1321 3004 .

11 3089 12 3095 ἵ
144 3023 185 3086 K.
214 3042 245 3106 p.
274 3023 336 3086 lta
363 3023 528 3086 versionem
548 3019 698 3086 ‘carminis
728 3023 863 3086 batavam
897 3023 1020 3088 iudicat:
1053 3023 1130 3090 'Pis
1149 3045 1218 3088 eeu

11 3113 13 3192 J
146 3105 620 3174 rlaelrruurroliclreitu.
641 3127 666 3173 s.
685 3128 722 3173 ιι.
933 3123 936 3132 ·

530 3246 595 3254 μνη--

288 3333 584 3406 ccchxxvll.
642 3345 696 3410 De
717 3345 907 3410 llirtr'or'tate
926 3343 1072 3417 Domini,
1207 3379 1232 3391 ··

145 3461 177 3526 in
197 3461 254 3525 hoc
276 3459 345 3523 anui
367 3461 476 3524 circulo
500 3483 504 3490 ’
602 3507 608 3520 .
706 3461 800 3526 adam
823 3469 907 3544 pomo
928 3466 1072 3546 rescitur,

145 3543 212 3610 Vite
232 3547 318 3608 rlatur
338 3547 476 3624 saeculo,
555 3551 560 3558 “
707 3547 746 3610 Et
768 3549 856 3608 sudor
875 3549 1028 3628 repellitur
1162 3566 1182 3629 J

146 3629 221 3696 Nato
242 3629 328 3692 uobis
350 3631 472 3712 parvulo
708 3629 762 3690 Sui
782 3633 878 3694 rullus
900 3632 987 3695 lrodie

10 3729 12 3752 ι
148 3705 204 3781 Per
223 3715 370 3796 virginem
391 3715 530 3780 Mariam.
708 3715 767 3778 Per
787 3716 931 3796 virginem
951 3717 1089 3785 Mariam.
1138 3715 1142 3724 '

187 3799 317 3866 Verbum
335 3819 402 3861 care
424 3801 532 3864 lactum
554 3809 597 3864 est
751 3799 879 3864 Verbum
900 3811 954 3868 etc.
1075 3835 1080 3848 ·

98 3891 101 3896 '
188 3886 246 3948 Per
266 3883 413 3966 virginem
434 3885 573 3950 larrium.

147 4004 234 4082 Quoi
251 4009 382 4076 vetustas
402 4003 525 4066 suffocat
711 4001 773 4065 Noe
798 4023 850 4084 pro
872 4003 983 4066 diluvio

147 4089 211 4152 llce
233 4089 271 4150 erl
293 4086 382 4150 citam
403 4100 536 4163 revocat,
711 4087 820 4149 Clauso
842 4087 916 4152 loris
936 4087 1011 4150 ostie

148 4175 225 4236 Nara
245 4191 279 4236 sc
300 4171 381 4234 Deus
401 4173 523 4236 collocat
712 4173 817 4234 Aream
841 4171 929 4236 intrat
949 4173 1034 4237 lrorlie

147 4259 206 4326 Per
226 4253 373 4336 virginem
395 4256 541 4342 Mariam
712 4257 770 4322 Par.
790 4257 936 4339 virginem
957 4259 1101 4325 Morietur

191 4343 323 4428 Verbum
345 4349 400 4406 etc.
755 4343 961 4412 llerlruar‘etc.
