2762 4976
588 483 590 488 .
721 415 785 490 68

718 601 791 670 LX.

578 737 726 829 Hymnus
747 750 935 810 marcuinus.

216 875 368 946 Dicilcoe
389 875 500 938 reddito
778 876 863 939 Absit
883 875 990 941 uostris
1012 897 1051 941 cx
1071 875 1205 940 cordibus

216 961 325 1028 Primis
338 969 403 1044 post
419 979 553 1022 somnum
566 957 685 1020 vocibus
778 961 842 1040 iro,
862 961 962 1041 dolus,
981 963 1135 1044 superbio,

218 1047 272 1109 Dei
294 1065 433 1108 canemus
454 1042 580 1124 glorium
778 1045 908 1106 Airsistot
929 1047 1068 1124 avaritia,
1130 1047 1132 1050 ’

216 1130 327 1196 Christi
348 1131 462 1192 iouente
482 1127 587 1209 grotiu.
779 1129 928 1194 Medorum
949 1133 1035 1194 radix
1056 1129 1194 1194 omniurn.

215 1299 275 1362 Per
296 1317 381 1379 quem
402 1304 516 1358 creator
536 1292 666 1357 omnium
707 1295 728 1357 5
779 1295 886 1360 Vinum
899 1308 1023 1360 mentem
1035 1318 1093 1360 non
1114 1305 1233 1378 occupet
1246 1296 1290 1360 25

215 1379 302 1446 Diem
322 1391 492 1461 noctemque
513 1378 653 1458 condidit,
778 1381 927 1442 Edrictute
950 1381 1077 1462 perpeti,

214 1467 344 1530 Asturco
364 1465 431 1546 lego
452 1463 603 1544 sanciens,
751 1469 755 1480 '
778 1465 836 1526 Sed
850 1477 947 1528 nostro
961 1466 1060 1528 sensui
1081 1476 1247 1547 competens

215 1550 256 1616 Ut
278 1567 395 1632 semper
412 1549 572 1612 succedunt
586 1545 653 1612 riui.
777 1549 877 1612 Tuum
899 1550 1030 1614 binemus
1051 1552 1198 1634 poculum.

215 1719 265 1780 Tu
285 1737 355 1780 reru
376 1716 429 1780 lux
447 1715 591 1792 fidelium,
670 1793 678 1804 x
776 1716 936 1780 Conserret
957 1719 1037 1800 pacis
1058 1720 1177 1783 foedera

216 1802 564 1880 anmlcxretecuunou
581 1805 670 1874 tenet,
686 1797 726 1864 lo
775 1804 842 1864 Non
862 1803 1001 1867 simulato
1021 1804 1147 1884 mutos,
1246 1803 1292 1872 30

214 1886 336 1949 Noctem
346 1887 411 1947 ”uec
431 1895 494 1947 ortu
515 1885 672 1946 succedens
775 1885 833 1948 Sed
856 1888 969 1951 iiliiruto
983 1889 1107 1952 'castitas

214 1973 339 2034 Actcruo
361 1971 478 2052 fulgens
499 1967 619 2032 lumine.
777 1970 954 2034 credulitate
975 1973 1097 2056 perpeti.

214 2137 331 2202 christo
351 2155 505 2219 precamur
525 2116 621 2210 u'uupe
775 2133 1004 2202 Addendis'non·
1021 2141 1059 2203 sit
1080 2139 1209 2222 praediis

215 2222 371 2286 (irentinus
392 2221 486 2284 serris
507 2221 565 2284 tuis
775 2221 947 2285 Mciesuodu
967 2245 1082 2306 semper
1103 2227 1212 2305 srcmcs,

213 2305 355 2386 iniquitas
375 2307 448 2368 lroec
470 2305 582 2367 soeculi
684 2305 725 2380 15
776 2308 809 2369 Si
831 2308 951 2370 uiderunt
970 2309 1086 2370 divitioe
1245 2311 1291 2373 35

213 2391 259 2454 Ns
278 2399 408 2452 nostrum
428 2389 553 2471 coptiret
573 2389 670 2454 iidem.
715 2487 736 2532 ο
774 2392 936 2474 Prophetae
949 2411 1002 2455 uos
1015 2394 1147 2473 psalmus
1159 2405 1256 2476 negot.

213 2557 280 2624 Nou
301 2557 462 2640 cogitemus
482 2557 587 2642 impie,
774 2559 896 2623 Praesta
916 2569 997 2640 puter
1014 2560 1158 2643 ingenite,

212 2645 397 2707 Inrideamus
418 2643 544 2721 nomini,
654 2674 657 2695 ·
775 2644 883 2706 Totum
905 2647 1044 2709 ducamus
1064 2647 1171 2728 ingiter

211 2727 300 2791 Lausi
323 2749 359 2792 ne
381 2729 535 2791 reddemus
556 2727 647 2791 vicem
774 2727 891 2791 Christo
905 2731 1052 2810 placentes
1070 2733 1148 2794 hrono
1164 2729 1243 2795 diem

211 2813 370 2876 Vincamus
388 2813 420 2876 in
444 2815 518 2877 dono
538 2813 657 2878 mulum.
679 2809 723 2876 20
773 2812 880 2875 Sancto
900 2816 1003 2897 repleti
1024 2816 1139 2900 spiritu.
1240 2815 1291 2882 40

664 2967 799 2975 ,-,.,.-.-
819 2967 834 2974 -

294 3047 452 3128 Reperitor
478 3047 511 3110 iu
539 3046 611 3111 con.
647 3047 682 3111 0.
716 3055 744 3110 et
771 3047 802 3110 ic
823 3048 984 3133 Hymnorio
1012 3050 1165 3122 Thomusii
1198 3051 1287 3130 „dici

187 3132 354 3204 ‚subbati“
385 3165 428 3180 -
466 3131 497 3195 4.
526 3132 634 3194 Tironi.
670 3133 841 3197 fatentes
869 3133 1045 3216 grdtiom.
1104 3137 1154 3200 10.
1174 3137 1289 3204 Thom.

209 3226 376 3280 octeruu.
420 3218 471 3280 ll.
492 3217 601 3280 Thon.
627 3235 696 3278 nuc
722 3228 826 3281 ortus
853 3221 1043 3287 occidens.
1083 3221 1181 3288 241.
1202 3221 1287 3290 Tim.

209 3299 263 3380 Ἦ,
288 3299 356 3366 10st
382 3312 463 3364 ronr'x
481 3311 593 3363 cronium
610 3309 736 3362 malorum
757 3323 795 3364 est
812 3315 951 3382 cupiditas.

601 3521 901 3534 Ἤ

701 3749 792 3816 LXI.

567 3887 717 3973 Hymnus
737 3896 924 3958 metridatico.

202 4017 285 4082 Bous
304 4021 413 4083 oeterni
435 4021 555 4085 iumiuis
767 4027 815 4088 'l'u
837 4045 961 4107 reguum
983 4025 1130 4090 coelorum
1152 4033 1235 4096 tenes
1261 4032 1286 4095 5

203 4103 320 4166 Candor
339 4106 565 4183 inenarrabilis,
765 4111 804 4172 Et
827 4121 902 4173 totus
922 4113 952 4174 in
973 4111 1061 4175 verbo
1084 4123 1113 4174 tu
1137 4132 1186 4192 es,

83 4259 113 4272 ,Ι
202 4187 346 4251 Venturos
367 4190 422 4251 dici
445 4189 532 4252 iudex
763 4195 822 4258 Per
839 4195 930 4260 filiurn
953 4209 1056 4260 cuncto
1077 4198 1175 4280 regis,

171 4313 174 4324 ·
199 4272 257 4348 Qui
280 4273 385 4337 mentis
406 4274 519 4336 oronitc
541 4274 631 4339 nidos.
762 4279 869 4343 Soncto
891 4281 1014 4362 Spiritui
1036 4283 1102 4346 sons
1123 4301 1166 4346 cs.
