2836 4976
207 551 213 558 .
238 469 309 519 xl!
593 525 597 568 Ι

241 635 428 727 germanica
442 632 554 702 XXVI
579 635 778 726 hymnorum.
833 634 985 704 Nonnulli
1007 637 1064 705 riri
1085 635 1170 705 docti
1191 635 1223 702 in
1248 645 1313 704 stu·

242 740 303 806 diis
331 737 374 806 ad
408 747 548 804 veterem
574 738 717 826 lingnam
739 738 958 826 germanicam
984 733 1216 828 pertinentibus
1250 737 1314 806 boc

242 841 356 909 codice
383 839 431 906 usi
459 851 550 906 sunt.
576 840 730 929 primum,
757 851 922 942 quartum,
943 842 1087 930 quintum
1114 852 1147 908 ct
1169 840 1312 908 ultimum

243 942 430 1034 hymnum
420 965 484 1008 ram
503 927 675 1010 Hichesius
696 943 859 1032 vulgarat,
885 942 998 1032 reliqui
1020 967 1130 1011 omnes
1152 943 1185 1010 in
1207 941 1312 1010 lucem
1387 955 1391 962 '

242 1045 523 1137 prodieruntcura
547 1053 580 1110 et
601 1045 788 1113 studiolac.
811 1044 976 1126 Grimmii,
995 1045 1053 1114 riri
1074 1047 1154 1113 mira
1175 1043 1314 1134 quadam

242 1147 407 1215 doctrinae
427 1146 519 1236 copia
545 1145 706 1228 instructi,
732 1169 796 1236 quo
826 1169 910 1214 nunc
939 1147 1042 1237 patria
1061 1155 1171 1215 nostra
1191 1145 1316 1236 gaudet

242 1247 492 1343 („Hymnorurn
511 1247 634 1315 Veteris
651 1248 819 1316 Ecclesiae
834 1247 945 1315 XXVI
961 1249 1185 1340 interpretatio
1201 1247 1315 1314 'Pheo-

242 1353 341 1432 tisca‚
373 1372 458 1417 nunc
489 1350 623 1440 primum
652 1343 747 1418 editis.
816 1349 995 1440 Gottingae
1022 1345 1315 1439 Muccuxxx).

242 1455 349 1530 Quum
371 1462 403 1519 et
425 1452 534 1542 hymni
551 1452 640 1519 latini
661 1463 694 1521 et
718 1450 820 1520 versio
843 1453 1053 1531 Germanica,
1078 1475 1161 1543 quae
1181 1449 1235 1518 ille
1257 1473 1315 1519 co·

243 1555 307 1624 dex
327 1577 465 1622 manusc.
487 1553 737 1643 complectitur,¹
752 1553 784 1620 in
806 1563 952 1622 octavum
973 1555 1135 1622 saeculum
1162 1551 1315 1635 incidant,

241 1659 276 1726 id
303 1655 389 1747 quod
414 1655 663 1746 Prolegomenis
688 1657 747 1725 Vir
780 1655 979 1725 doctissimus
1009 1657 1207 1748 argumentis
1236 1657 1315 1724 satis

241 1759 365 1828 idoneis
379 1759 594 1836 confirmavit,
620 1759 696 1825 nihil
718 1757 873 1848 estquod
896 1783 1110 1850 exponamus,
1134 1759 1242 1851 quanti
1261 1757 1314 1827 bic
1381 1827 1383 1834 ,

238 1861 380 1930 'Grimmi
401 1861 482 1928 liber
502 1883 522 1928 a
544 1861 635 1950 uobis
656 1861 840 1930 aestimatus
861 1862 911 1929 sit.
963 1858 1057 1952 (0).

344 2055 433 2152 vll)
460 2065 543 2130 Cum
555 2063 744 2132 audivissem
763 2064 794 2130 in
820 2063 1013 2132 bibliotheca
1026 2061 1211 2131 academiae
1223 2063 1313 2132 Her·
1390 2051 1391 2064 ¹

243 2166 437 2256 tripolitanae
457 2165 613 2231 breviaria
637 2165 852 2253 antiquissima
874 2165 1044 2246 asservari,
1076 2167 1215 2232 confisus
1232 2165 1314 2234 libe-

241 2269 369 2336 ralitate
390 2265 570 2354 Ludwtgtt,
610 2265 677 2332 Viri
692 2267 891 2346 Doctissimi‚
915 2267 1003 2333 cuius
1019 2289 1117 2333 curae
1138 2289 1177 2334 ac
1191 2267 1314 2334 tutelae

243 2367 437 2437 bibliotheca
455 2367 510 2433 illa
532 2367 700 2434 commissa
721 2377 784 2446 est,
812 2381 845 2435 et
870 2367 1017 2448 honesti,
1046 2368 1115 2436 Viri
1138 2361 1313 2436 Ornatissi-

237 2473 306 2554 mi,
328 2471 416 2538 cuius
441 2470 664 2536 humanitatem
687 2493 751 2536 non
773 2471 999 2559 possumsatis
1026 2467 1231 2560 praedicare,
1264 2469 1312 2537 al·

238 2589 331 2642 ‘mum
361 2575 513 2640 Senatum
544 2571 726 2638 academiae
752 2573 837 2638 omni
862 2595 924 2662 qua
941 2595 1009 2662 par
1034 2583 1083 2640 est
1111 2572 1314 2640 observantia

244 2699 339 2744 ausas
361 2697 430 2742 surn
451 2695 587 2766 rogare,
608 2685 643 2740 ut
666 2673 812 2741 codicum
833 2675 958 2741 illorum
979 2675 1221 2741 vetustissimum
1236 2673 1314 2741 mibi

243 2780 323 2847 mitti
351 2775 553 2844 concederet.
610 2775 672 2851 Qui
699 2799 794 2864 quum
811 2777 1049 2866 precibusmeis
1073 2777 1228 2844 benevole
1254 2799 1312 2842 an-

244 2891 374 2958 nueret,
398 2878 515 2945 lactum
538 2887 586 2945 est
608 2889 642 2944 ut
664 2877 728 2944 dun
745 2879 959 2967 antiquissima
979 2879 1136 2948 breviaria
1153 2879 1312 2968 inspicere

243 3005 389 3074 possem,
423 3001 556 3069 quornm
578 3001 673 3045 unum
702 2993 750 3046 est
780 3005 819 3048 ex
842 2981 1091 3049 celebratissima
1118 2978 1312 3048 monasterio

242 3083 420 3154 Ebracensi
449 3091 482 3148 et
516 3080 574 3148 nisi
601 3081 694 3149 lalior
723 3083 852 3151 saeculo
881 3083 976 3151 tertio
1004 3081 1130 3161 decimo
1159 3084 1311 3174 scriptum

243 3199 302 3256 esa
352 3181 433 3280 (w.
455 3179 511 3274 1.)

341 3384 443 3478 v111)
469 3387 611 3456 Alterum
643 3399 692 3454 est
720 3386 909 3458 breviarium
943 3389 1166 3460 dioecesanum
1196 3409 1235 3454 ea
1264 3385 1310 3450 bi-

185 3555 193 3564 .
241 3489 401 3560 bliotbeca
420 3492 602 3557 monasterii
622 3489 919 3570 Benedictinorurn‚
941 3491 1026 3582 quod
1055 3493 1090 3559 S.
1112 3491 1311 3582 Stephanum

240 3591 653 3688 patronumcolebat.1u
681 3617 837 3679 quocum
861 3597 1003 3662 nonnulli
1021 3595 1092 3662 sesti
1120 3593 1188 3660 dies
1211 3589 1311 3660 serio-

240 3721 294 3765 ros
317 3695 358 3763 nd
379 3693 497 3764 cultum
517 3695 638 3762 Mariae
652 3697 848 3784 pertinentes
870 3697 973 3764 desint
994 3707 1027 3764 et
1049 3689 1162 3762 testum
1182 3695 1311 3780 Corpo-

241 3801 284 3872 ris
300 3798 420 3868 Christi
438 3821 535 3864 unurn
553 3796 648 3864 ruodo
663 3797 811 3888 hymnum
848 3797 982 3876 habeat,
1017 3819 1080 3862 non
1109 3793 1311 3884 dubitoquin

243 3899 349 3972 codex
364 3903 423 3969 sub
438 3901 534 3970 finem
549 3899 668 3970 saeculi
681 3900 772 3972 xttl.
784 3899 920 3990 scriptus
933 3899 982 3966 sit.
1001 3891 1081 3990 (W
1098 3887 1152 3987 2.)
