2848 4974
300 633 339 714 lit
357 633 446 702 lromo
467 631 629 710 uuaumdo,
649 629 759 697 uitulus
779 636 903 697 aarum
921 627 1056 710 patiendo

300 717 354 783 Est
373 717 420 780 leo
440 717 605 796 surgendo,
626 716 754 778 volueris
776 734 888 796 quoque
909 733 1024 779 summa
1044 713 1176 792 petendu.

194 836 224 905 7.
245 835 404 899 Ad'l'orr.
425 834 492 898 lux
513 843 570 895 est
589 834 916 909 decretaliafl'orr.
937 829 1177 909 discretalis)
1197 852 1264 893 ro-

194 931 385 984 taoenauu
406 918 592 981 literalis.
641 923 673 984 8.
700 919 750 982 Br.
770 936 876 982 mona
905 926 964 978 est
991 949 1034 962 -
1054 916 1263 984 ministret.

194 1003 286 1070 9.Gl.
307 1005 573 1068 llornm'lonte
594 1035 637 1052 -
657 1025 813 1085 qnorum
835 1001 965 1063 trahat
986 1033 1028 1048 -
1055 1002 1260 1064 asentina.
1391 1057 1396 1064 .

194 1089 269 1153 Lod.
291 1089 321 1150 iu
343 1107 436 1166 marg.
459 1087 517 1150 oio
537 1089 730 1168 perducat.
750 1088 902 1169 Adelphos
920 1086 1099 1166 quorundam
1121 1086 1262 1148 lilrrernrn

194 1174 369 1256 scriptarum
388 1173 491 1236 allent:
509 1172 716 1236 delibutio.

689 1485 764 1552 CX.

569 1629 625 1694 De
645 1629 681 1694 St
703 1627 881 1695 Michaele.

197 1745 225 1808 1.
238 1745 318 1809 Laus
339 1755 473 1826 erumpat
493 1767 529 1810 ex
550 1747 672 1826 affeetu,
751 1751 782 1813 5.
797 1747 961 1828 suggestor
981 1744 1118 1824 odelerio,

236 1831 349 1893 Psallat
370 1833 477 1894 odorus
499 1833 529 1894 in
551 1843 707 1914 conspeetu
792 1833 900 1896 Pulsus
920 1850 939 1893 a
959 1830 1091 1911 nuperis,

233 1915 435 1996 Supernorum
456 1917 585 1979 oinium:
791 1917 850 1981 Per
869 1915 955 1979 huius
975 1914 1053 1976 adria

234 2001 315 2062 Lana
336 2000 478 2078 ineunda,
506 2002 571 2064 laon
592 2003 707 2080 donoro,
792 2003 916 2064 Olerrnt
938 2000 1042 2079 spotia.

237 2085 360 2160 Quando
379 2085 458 2148 laudi
480 2103 644 2149 concanora
792 2085 877 2148 Delia
899 2085 1048 2164 invigilat,

235 2168 352 2232 Poritos
373 2183 417 2232 est
438 2171 578 2232 cordium.
787 2171 882 2242 ,Viros
904 2169 1049 2243 insibilat:
1147 2229 1155 2238 ,

791 2253 848 2318 Sed
868 2255 947 2318 hune
967 2251 1107 2316 ouniutuu

792 2337 937 2402 Pronoean
956 2339 1094 2404 eustadio.

193 2471 224 2552 2.
237 2470 414 2534 Mielraolem
436 2473 530 2534 ruunti
553 2473 685 2550 landent,
748 2471 780 2537 6.
795 2473 873 2536 Trea
891 2472 1041 2534 distinctae
1060 2469 1242 2534 hierarchiae
1286 2475 1291 2483 “

120 2575 127 2586 “
235 2556 298 2618 Neo
314 2558 352 2619 alr
373 2555 461 2620 huius
482 2577 515 2620 ae
538 2560 707 2620 defraudent
793 2557 859 2638 logi
879 2567 985 2619 nunant
1006 2555 1134 2618 theoriae

129 2649 135 2654 '
233 2640 300 2703 Diei
322 2641 442 2704 laetitia.
595 2709 599 2719 ,
791 2643 912 2723 lugique
933 2641 1082 2722 psalterio.

235 2725 324 2788 Felix
345 2726 423 2803 dies,
445 2745 502 2806 qna
522 2735 688 2790 sauctorum
792 2727 853 2789 Nee
874 2727 986 2788 obsistit
1007 2723 1120 2788 theoria

235 2809 414 2871 Reoenoetur
435 2810 607 2890 angelornm
788 2810 861 2874 Siue
883 2811 962 2891 iugis
983 2810 1136 2872 harmonia

234 2893 392 2956 Sollemnia
412 2895 544 2958 viatorio.
792 2896 856 2978 lugi
880 2895 1049 2962 ministerio.
1185 2905 1191 2912 ’

193 3027 222 3096 3,
239 3027 334 3087 lirano
353 3035 438 3090 vetuo
459 3029 645 3108 exturbatur,
748 3031 925 3112 nuquam
946 3031 1038 3092 mirae
1061 3029 1189 3094 caritatis

235 3111 274 3172 Et
295 3112 428 3173 drnoouio
447 3112 593 3192 effugatur
789 3117 1009 3196 Est'anpernae
1030 3114 1155 3177 diritatis

235 3193 356 3258 lnirnioa
378 3197 467 3277 legio.
789 3199 853 3262 'l'er
875 3201 950 3262 trino
971 3197 1131 3263 diatinotio:

235 3280 415 3343 Extorbatuu
437 3291 482 3343 eat
503 3282 634 3343 turbatur
758 3283 871 3364 *Quae
893 3305 947 3347 nos
968 3295 1046 3346 amat
1068 3293 1096 3345 et
1116 3293 1230 3363 tuetur,

233 3364 272 3426 Et
293 3364 437 3444 proieotns
458 3375 610 3428 aecusator
788 3369 828 3431 Ut
847 3391 885 3432 ex
907 3369 991 3432 nobis
1012 3379 1192 3432 restauretur

233 3457 260 3511 Δ
279 3449 353 3512 ooeli
374 3449 503 3532 lastigie.
788 3455 862 3518 Eine
884 3453 1046 3519 diminutio.

191 3584 222 3652 4.
237 3584 299 3648 Sub
322 3585 411 3650 tutela
432 3586 588 3648 Mirlroelia
746 3591 777 3658 8.
790 3590 873 3653 Sient
891 3600 959 3658 aunt
981 3589 1132 3655 homiuum

232 3671 299 3737 Pax
321 3671 457 3746 interra,
477 3689 537 3751 pax
553 3673 584 3734 in
605 3672 705 3753 unalia,
789 3676 929 3740 Diversae
951 3675 1083 3754 gratiae,

232 3755 314 3818 Lana
333 3766 361 3817 ot
381 3755 523 3822 iubilatio.
787 3760 838 3825 Sio
858 3769 942 3823 eruut
963 3758 1096 3830 oudinum

233 3840 331 3916 Quum
353 3840 391 3904 ait
404 3849 505 3921 potens
527 3841 574 3904 lrie
589 3841 703 3917 virtuto,
789 3843 946 3908 Diatinotae
967 3841 1079 3922 gloriae

232 3923 290 3985 Pro
312 3926 458 3987 eornmuni
478 3936 559 3987 atauo
580 3925 675 3988 soluto
780 3927 875 4006 ,luatis
895 3927 925 3988 in
946 3928 1086 4006 praemio.
1163 3955 1168 3962 ·

234 4007 410 4092 Triumphnt
431 4011 462 4073 in
484 4009 605 4093 proelio.
694 4075 700 4086 ,
787 4011 867 4073 Solis
889 4020 932 4071 est
953 4010 1013 4072 alia
1241 4081 1246 4099 Ι

786 4097 882 4172 Quam
905 4095 991 4156 lunae
1012 4093 1156 4177 dignitaS,

740 4236 742 4242 .
786 4179 944 4241 Stellarum
967 4179 1049 4242 varia

786 4263 910 4328 Reluuot
928 4263 1061 4330 claritate

787 4347 838 4422 Sia
859 4349 1045 4414 resurreetio.
