2836 4976
240 650 336 716 caruis
364 649 403 715 lie
426 657 580 712 rectorum
614 629 824 709 cflrrlminum
851 647 882 708 lit
911 644 941 708 iu
962 651 1047 718 aire3
1076 643 1239 723 athleta,
1263 643 1311 722 qni

239 735 325 798 fortis
346 744 390 798 est
407 737 444 798 ad
464 735 570 806 letrrra3
592 731 852 810 blasphemari
882 752 901 794 a
936 731 1015 808 trias,
1044 731 1118 810 qrrail
1141 739 1184 790 est
1206 729 1312 790 stultae

242 831 270 882 ct
291 821 401 883 leutitia
421 821 490 899 quia
511 817 684 879 laminarum
705 816 743 878 ait
757 837 804 878 rea
833 817 918 878 stulte
942 807 1143 894 irlasplrcrnarc
1159 811 1264 886 attali).
1282 812 1312 876 8.

242 906 284 968 H.
303 907 410 968 hatita.
431 905 483 966 Str.
506 902 753 964 illecebrosa.
797 899 886 962 Grau.
903 900 992 961 'Pura
1011 897 1219 959 illecebris
1241 899 1313 958 Ιιιιιι

243 989 400 1070 depulit.
446 990 495 1050 ll.
513 985 565 1050 Sl).
580 1005 674 1067 quiae
690 985 739 1048 12.
754 985 838 1049 Cass.
854 986 914 1048 Ell.
928 983 1117 1065 procilius.
1164 985 1212 1047 17.
1228 981 1314 1044 cnse.

37 1104 42 1114 ·
126 1115 135 1134 .
244 1071 588 1136 auimi's.Gran.aic
618 1071 768 1148 expiati
796 1067 1007 1133 utaunuia.
1062 1069 1151 1136 Fati.
1188 1067 1247 1130 Eli.
1274 1075 1315 1128 ut

244 1157 399 1240 expiati
427 1155 491 1221 his
518 1153 667 1219 aratris.
1174 1160 1176 1170 '

632 1379 748 1389 ...ω-...μ-
770 1379 786 1385 --
810 1379 868 1386 --.-...
897 1379 923 1388 ..,

575 1741 724 1832 Hymnus
744 1744 994 1811 emarcente.

393 1879 470 1934 Libri
487 1881 607 1936 Vetusti.
972 1882 1052 1934 Brer.
1073 1881 1151 1932 Rom.

81 1994 88 2006 ι
198 1990 214 2006 r
245 1961 337 2026 Beata
356 1963 441 2028 uobis
462 1965 571 2048 guuffia
806 1965 898 2030 Beata
917 1964 1002 2029 uobis
1023 1963 1130 2046 gaudia

245 2047 324 2110 Anni
344 2049 460 2111 reduxit
480 2051 601 2130 crinita,
807 2049 886 2113 linui
906 2047 1021 2113 retlrrxit
1042 2047 1148 2122 orbita,

246 2130 322 2193 Cum
343 2131 463 2214 spiritua
483 2135 643 2214 paraclitus
808 2133 884 2198 Cum
904 2134 1025 2215 spiritus
1045 2129 1205 2214 paraclitus

246 2213 366 2278 Ellrrlait
385 2215 417 2278 iu
437 2215 606 2302 discipulae.
808 2219 936 2301 lllopsus
957 2227 1001 2282 est
1022 2215 1174 2300 apostolis.

245 2379 328 2466 iguis
348 2383 480 2464 vibrante
497 2385 607 2449 lamiae
807 2385 890 2468 iguis
909 2385 1041 2448 vibrante
1061 2381 1171 2446 lamine
1298 2380 1321 2446 5

245 2465 380 2550 linguae
401 2467 527 2550 liguram
547 2469 666 2552 detulit,
807 2471 941 2552 Linguae
959 2469 1086 2552 liguram
1107 2465 1225 2550 detulit,

246 2549 352 2616 Vertis
375 2564 405 2616 ut
426 2565 523 2617 esseut
542 2555 649 2638 proflui
809 2556 915 2621 Verbis
936 2567 969 2620 ut
989 2563 1087 2618 esseut
1108 2551 1213 2634 proflui

247 2633 286 2722 ¹lit
307 2637 426 2702 caritate
446 2638 562 2708 feruidi.
806 2641 850 2728 Bt
870 2641 990 2706 curiata
1010 2637 1126 2706 seruitii.

246 2803 368 2820 m
384 2821 387 2828 Ι

316 2883 356 2954 *)
374 2886 404 2938 Si
420 2886 512 3006 quurss
531 2887 609 2955 hujus
626 2891 701 2946 modi
720 2909 803 2962 nugas
822 2891 985 2959 investigare
1002 2887 1070 2942 relic
1084 2885 1165 2941 adeas
1199 2885 1324 2940 Mars-

249 2955 338 3007 riuat
362 2954 397 3007 de
432 2956 488 3008 alsa
510 2958 595 3010 theol.
622 2973 681 3012 orta
706 2980 741 3014 ex
770 2963 868 3013 vitiosa
892 2961 1064 3028 grammatica
1088 2969 1115 3010 et
1139 2967 1203 3010 unte
1227 2974 1323 3010 omnes

247 3023 293 3078 lo.
312 3023 401 3076 Zuin
409 3025 484 3092 geri
497 3029 646 3082 orationem
659 3029 694 3082 de
706 3031 830 3082 barbarie
840 3031 1008 3099 superiorum
1021 3029 1126 3096 aliquot
1142 3025 1323 3092 saeculorum,

253 3103 314 3144 orta
339 3109 373 3145 ex
392 3095 489 3162 supina
509 3095 618 3163 linguae
634 3116 747 3166 graecae
770 3099 951 3166 ignoratione.
987 3097 1069 3148 Busil.
1098 3091 1173 3146 1661.
1198 3091 1325 3162 (Tempe

249 3159 358 3212 llelret.
392 3159 441 3212 vt.
460 3179 488 3231 p.
507 3159 559 3214 403
575 3167 653 3236 sqq.)
690 3167 779 3218 Multa
799 3167 893 3219 exhis
918 3177 972 3216 taur
989 3161 1082 3235 lepide
1100 3162 1276 3232 proferuntur
1294 3171 1326 3213 ut

248 3227 289 3279 nil
327 3229 393 3281 ossit
410 3245 500 3298 supra.
539 3231 663 3287 indoctus
686 3235 795 3304 quidem
822 3221 987 3301 magistellas
1018 3251 1077 3284 cum
1100 3233 1326 3298 interrogaretur,

279 3297 296 3346 ri
341 3309 412 3350 esset
435 3300 603 3368 Epiphania,
622 3302 779 3372 respondit,
796 3301 1038 3353 luissernulierenr
1058 3302 1189 3350 nutricatu
1210 3297 1326 3352 Christi.

278 3365 352 3417 burri
365 3385 426 3420 cunr
438 3365 574 3420 Cardinuli
592 3371 759 3440 colloquenti
776 3389 812 3422 ue
825 3369 938 3421 uerbum
951 3367 1060 3437 quidem
1073 3367 1202 3430 latinum,
1221 3367 1327 3420 nedum

249 3452 372 3504 graecum
392 3439 420 3486 in
438 3437 557 3488 omnium
576 3439 727 3508 linguarum
743 3439 914 3508 ignoratione
931 3435 1112 3489 succurrebat.
1157 3431 1327 3505 Capelianus

162 3557 166 3570 Ι
250 3513 280 3552 ut
307 3515 364 3554 erat
382 3523 495 3572 nequam
515 3507 760 3574 ingeniosissimus,
779 3507 855 3573 jubet
871 3507 903 3558 it.
922 3507 958 3556 D.
977 3515 1081 3574 patrem
1099 3499 1201 3572 pria'cat
1219 3505 1329 3574 aliquot

250 3567 328 3624 sedes
353 3573 422 3624 circu
447 3573 597 3625 lliltlesium
620 3578 743 3628 recitare.
781 3575 907 3637 Dictum,
936 3574 1052 3634 facturn,
1071 3588 1133 3626 cum
1151 3574 1242 3624 statim
1260 3573 1328 3624 Ab·

252 3639 299 3690 bas
324 3653 448 3708 caperata
472 3654 498 3694 et
518 3659 572 3695 non
602 3645 669 3695 nihil
692 3646 720 3694 in
740 3643 823 3694 altum
841 3643 956 3695 adducta
979 3643 1082 3706 fronte,
1110 3641 1185 3692 vultu
1207 3641 1327 3692 terribili

251 3725 329 3775 agros
347 3727 403 3762 uon
422 3711 511 3762 nullos
531 3712 667 3778 intrepida
685 3713 827 3765 verborum
840 3713 1020 3782 conceptione
1045 3711 1195 3761 numeravit
1214 3709 1328 3774 „sruc-

244 3775 341 3836 ·rrold.
362 3779 459 3842 ttrite,
477 3779 578 3842 Gicen,
593 3781 728 3843 Vorrclre,
748 3779 933 3844 liareustetia,
951 3777 1065 3835 ltzem.“
1103 3777 1175 3846 Quas
1199 3797 1256 3831 non
1278 3780 1329 3830 iu-

249 3846 409 3964 telliqibiles
438 3865 519 3900 rocca
542 3847 623 3900 Card.
648 3849 775 3911 audiena,
801 3867 861 3898 cunr
885 3863 919 3899 ex
942 3865 998 3898 non
1024 3845 1105 3898 nullis
1127 3848 1327 3910 sciscitaretur,

252 3933 285 3962 nn
330 3915 354 3966 ie
373 3915 453 3966 lrorno
478 3918 513 3965 sit
531 3933 656 3982 graecus,
681 3915 777 3982 illique
798 3912 992 3977 affirmassent,
1011 3915 1094 3966 tacito
1112 3914 1328 3983 petlediscessit.

250 3981 376 4034 Notanda
395 3994 483 4032 tamea
498 3995 537 4034 est
551 3983 680 4050 Zuingeri
694 3993 721 4033 et
735 3983 844 4034 illaresii
859 3983 962 4032 incuria
975 3993 999 4034 et
1014 3982 1118 4046 servor,
1137 4003 1191 4054 quo
1205 3983 1329 4052 decepti,

251 4051 335 4102 mtrlttt
360 4051 511 4101 tribuerunt
534 4051 667 4119 Phrygiae
691 4048 855 4114 stupiditati,
886 4049 960 4118 quod
981 4053 1075 4120 procul
1102 4051 1185 4103 dubio
1204 4071 1254 4122 per
1280 4055 1333 4103 itt-³

252 4137 312 4172 curu
340 4129 398 4171 erat
424 4118 567 4183 prolatum.
610 4121 646 4166 tta
671 4113 804 4184 proluebat
834 4119 967 4186 parochus
996 4121 1156 4173 rusticorum
1184 4139 1243 4173 esse
1267 4137 1328 4172 nou

252 4205 329 4240 tuum
347 4187 528 4252 pavimentum
549 4185 641 4252 tenrpli
666 4177 791 4252 r·eparai·e
815 4205 847 4238 eo
868 4188 941 4251 quod
966 4188 1073 4240 eliserat
1092 4192 1185 4242 lerear.
1208 4189 1255 4252 17,
1278 4189 1329 4240 ¹8:

254 4249 500 4329 pareantilli,
526 4269 587 4318 ego
606 4271 673 4304 ιιοιι
697 4273 840 4324 pureum
859 4269 885 4307 ct
911 4257 978 4308 alter
1002 4270 1105 4310 creatos
1123 4257 1205 4310 luisse
1230 4257 1329 4322 plures
1386 4311 1387 4314 ,

253 4319 369 4401 aruncius
393 4317 507 4370 munivit
524 4319 585 4372 loco
610 4321 676 4375 Luc.
706 4324 755 4390 17,
788 4325 828 4376 17.
853 4325 933 4378 Nutu
955 4325 1039 4396 quid
1064 4325 1180 4379 decem
1206 4327 1330 4382 raundi
1380 4349 1387 4408 q

255 4389 341 4440 lacti
360 4387 460 4439 sunt?
520 4429 523 4440 .
1384 4409 1386 4448 ἱ
