2762 4976
734 435 825 512 11⁰

302 643 308 650 ·
329 615 438 700 Hymni
466 613 515 696 qni
542 620 681 677 vocantur
708 616 744 676 «le
770 613 941 692 communi,
962 615 1025 678 lure
1046 635 1146 682 ornnes
1173 618 1205 682 in
1231 627 1311 684 vcta-

246 701 383 774 stissimis
411 701 495 765 litoris
522 698 691 780 longiores,
721 697 752 762 in
780 699 988 762 recentioribus
1020 701 1051 763 in
1072 721 1181 782 pancos
1208 725 1310 770 remus

245 790 382 850 contracti
417 793 499 864 suut,
532 803 654 864 cumque
688 785 744 846 lnoe
774 793 884 846 certum
913 803 979 847 essc
1013 785 1159 869 rideatur,
1192 790 1311 872 antiqua

244 872 390 934 breviaria
419 869 581 932 carminum
605 868 744 930 exlribere
768 870 892 932 formam
927 870 1101 950 gericinam,
1145 874 1219 936 illud
1252 893 1312 938 non

243 958 342 1020 minus
359 965 490 1036 apertum
512 963 558 1016 est
578 953 741 1016 carminum
757 963 889 1018 auctores
908 952 1027 1018 minime
1041 956 1205 1038 Martyres,
1234 958 1313 1022 Cen·

244 1043 372 1104 sessores
393 1051 447 1102 cte.
473 1037 505 1100 ia
535 1037 704 1101 urrirersurn
732 1039 910 1116 celebrasse,
941 1041 991 1104 oen
1018 1040 1164 1120 cogitasse
1190 1045 1225 1106 do
1252 1063 1310 1106 rnna

244 1126 342 1208 aliquo
377 1125 499 1200 Sancto,
532 1123 683 1204 stultusque
717 1123 905 1186 ecclesiastici
940 1125 1152 1207 moderatores,
1188 1129 1309 1192 resecti!

242 1211 378 1274 versibus
407 1209 455 1290 qai
477 1206 581 1270 Ollieio
604 1207 639 1268 de
661 1206 814 1270 Communi
834 1208 931 1271 minus
960 1210 1126 1272 riderentur
1155 1211 1231 1295 apti,
1262 1234 1310 1276 rc·

243 1295 324 1376 liqna
345 1295 374 1355 in
396 1314 482 1356 esum
503 1292 651 1373 publicum
669 1293 825 1372 recepisse.
869 1295 951 1372 Quod
974 1295 1077 1356 attinet
1097 1300 1134 1356 ad
1155 1297 1310 1378 lupianum:

242 1381 345 1443 Deus
365 1389 513 1440 tuorum
541 1377 718 1456 militurn,
741 1397 896 1458 quemnam
917 1387 1073 1460 martyrem
1094 1385 1182 1460 po'e'ta
1208 1381 1310 1444 lando-
1361 1421 1366 1426 -

244 1464 318 1529 ecrit
339 1483 376 1526 ne
390 1461 554 1524 coniectura
575 1462 690 1542 quidem
712 1461 778 1523 licet
799 1461 932 1544 assequi3
952 1483 1056 1526 versus
1077 1465 1160 1528 uncis
1181 1465 1312 1530 inclusos

242 1548 358 1630 repperi
381 1548 411 1610 ia
426 1546 497 1610 coa.
511 1545 560 1608 W.
576 1549 603 1608 l.
625 1554 710 1628 atquc
732 1548 807 1628 apud
823 1547 1025 1611 Themasium.
1046 1581 1088 1596 -·-
1109 1549 1140 1614 2.
1161 1550 1201 1612 al.
1222 1557 1311 1632 spes

244 1645 278 1697 et
305 1651 453 1696 corona.
504 1633 536 1695 9.
558 1627 607 1695 W.
631 1634 659 1712 l,
679 1631 833 1696 lrina25.
854 1632 905 1698 W.
928 1635 957 1697 1.
976 1633 1063 1695 lrinc
1083 1654 1151 1697 nos
1171 1653 1312 1717 precari

244 1730 303 1783 tes
324 1717 558 1800 supplicet„

627 1906 697 1916 ιιι-η..
705 1909 763 1916 ..Η--
808 1907 917 1916 --ι-ι--ι

701 2093 856 2166 XCVIII.
882 2149 884 2160 ,

524 2235 672 2323 Hymnus
699 2239 742 2299 cle
769 2236 1025 2322 confessoribus.

416 2375 492 2427 Libe.
510 2385 565 2424 vet.
969 2375 1048 2428 Broc.
1060 2377 1138 2430 Rom.

238 2462 302 2524 lesu
324 2477 431 2522 corona
452 2457 557 2520 celsior
643 2499 644 2502 =
798 2459 865 2521 lesu
885 2477 993 2522 cornua
1014 2460 1121 2522 celsior

111 2600 114 2608 .
236 2547 275 2609 Et
296 2543 403 2607 veritas
425 2541 595 2620 sublimior,
797 2545 837 2605 Et
855 2543 963 2606 raritas
985 2544 1153 2622 sublimior,

236 2631 294 2710 Qui
316 2627 462 2692 eoulitcuti
481 2627 598 2690 servulo
799 2628 857 2704 Qui
878 2627 1022 2690 conliteati
1044 2629 1159 2691 serrula

235 2716 345 2780 uetans
366 2733 493 2796 perenne
516 2709 688 2794 praemium.
796 2713 906 2774 Reddis
928 2731 1053 2796 perenne
1076 2711 1248 2794 praemium.

233 2885 281 2946 Ila
301 2884 475 2965 supplicanti
496 2879 590 2946 cacturi
725 2881 745 2942 5
795 2883 842 2944 lla
864 2879 1038 2961 supplicanti
1059 2879 1169 2962 coetui,

234 2969 357 3031 Olrtcntu
380 2971 467 3030 hairus
488 2965 607 3047 optimi,
795 2967 892 3029 Huius
914 2975 1036 3047 rogatu,
1056 2966 1138 3028 noxii

232 3052 448 3116 Remissioncru
469 3052 623 3114 criminum
795 3049 1011 3114 Remissiouem
1034 3049 1162 3113 criminis

231 3137 405 3218 Rrunpcntlo
427 3155 536 3198 nexum
556 3132 676 3198 vinculi.
795 3135 967 3217 Rumpentlc
987 3156 1095 3198 nexum
1113 3135 1232 3200 vinculi.

230 3305 309 3367 Anni
330 3325 447 3368 recurso
469 3314 597 3383 tempore
793 3303 870 3366 Auni
891 3323 1009 3365 reuerso
1031 3311 1158 3383 ternpore

229 3389 303 3455 Ilios
323 3389 437 3452 reluxit.
457 3389 583 3466 lamine,
701 3385 744 3452 10
793 3387 866 3450 Dies
884 3388 1000 3452 relalsit
1022 3388 1161 3467 lumine,x

231 3477 296 3550 Qua
315 3481 433 3536 sanctus
454 3473 502 3537 lic
523 3473 558 3535 ae
579 3491 700 3552 carpere
794 3474 859 3550 Qun
881 3483 999 3536 sanctus
1019 3473 1067 3535 lic
1085 3474 1120 3534 tle
1140 3493 1264 3554 corpere

229 3559 335 3624 Polam
355 3559 493 3638 migrarit
514 3567 700 3638 praepotens.
793 3557 935 3639 Migravit
954 3557 1029 3619 inter
1050 3555 1158 3622 silere.

228 3728 383 3792 Hierone
404 3737 497 3790 terrae
520 3727 628 3808 gaudia
791 3725 947 3790 Hierone
968 3735 1062 3787 terrae
1084 3726 1192 3808 gandia

229 3813 267 3876 Et
290 3813 431 3876 lutulenta
452 3812 572 3893 praedia
791 3811 831 3874 Et
851 3811 998 3874 luculenta
1019 3811 1157 3891 praedia,

228 3897 346 3960 Polluta
366 3907 469 3960 cuncta
487 3900 630 3977 deputans
699 3899 740 3960 15
791 3895 908 3957 Polluta
929 3895 1014 3956 sorae
1034 3895 1177 3974 deputans

229 3981 329 4044 Orans
350 3991 427 4044 tenet
448 3981 595 4046 coelestia.
792 3979 893 4044 Orans
914 3989 991 4042 tenet
1011 3979 1158 4041 eoelestia.

228 4149 280 4210 'Pe
311 4148 468 4213 Christe
503 4171 570 4212 rex
597 4149 700 4247 piis·
791 4145 838 4209 'l'c
860 4145 1052 4236 Olrristerex
1075 4145 1206 4230 piissime

227 4317 284 4380 llic
305 4317 463 4390 confitendo
487 4253 665 4396 lapitrilme
790 4315 848 4380 Hic
868 4314 1027 4378 confitendo
1052 4315 1158 4396 iugiter
