2858 4968
724 427 831 506 m
912 434 916 444 ,

232 575 306 692 'get'r
331 606 417 688 aquis
437 587 577 690 papulam
598 607 681 670 doeet
701 627 768 676 esee
788 607 977 687 soroudon,
1005 625 1074 688 per·
1088 625 1161 690 quas
1187 616 1217 671 et
1237 555 1313 671 ιιιωι

241 695 319 776 ratio
337 695 473 758 tribuitur
492 695 529 754 ad
549 693 691 771 solertem,
718 705 747 754 et
769 693 950 775 regeneratio
973 695 1096 756 donetur
1115 696 1152 756 ad
1174 695 1314 774 requiem,

136 783 140 798 '
241 777 426 856 Accendant,
448 777 589 856 Domine,
618 779 649 840 in
671 789 826 859 conspecto
856 777 969 858 gloriae
990 788 1057 840 tnee
1078 779 1240 840 obsecratio
1262 780 1315 839 de-

243 851 310 928 rota
331 863 515 928 famulorum.
558 863 720 928 -Visitentor
743 861 948 926 benedictionis
970 865 1062 941 dona,
1082 863 1137 943 qni·
1155 881 1241 926 sacro
1263 864 1315 924 de-

242 949 375 1010 dicentur
395 947 545 1026 obsequie.
586 947 652 1010 Non
674 947 722 1008 bie
743 939 854 1010 'thureis
875 948 1008 1008 mutetur
1026 947 1146 1011 damma
1166 945 1316 1026 virgultis,
1395 977 1402 988 ·

131 1034 134 1046 '
243 1052 297 1096 nee
318 1033 350 1092 in
370 1032 503 1094 Sabeieis
525 1031 745 1111 proscindentes·
766 1025 864 1113 regnu,
890 1032 1113 1112 nemoribusque
1140 1031 1316 1095 suavitatem

203 1174 207 1183 ,
245 1115 372 1180 cinnami
401 1125 533 1178 rorantes
560 1115 716 1194 exhalent,
749 1117 901 1179 sodoma
934 1114 1092 1177 inmolator
1126 1137 1164 1177 ex
1192 1116 1314 1216 lumine,
1379 1121 1383 1138 ¹

246 1217 321 1282 qnae
342 1221 399 1262 non
422 1199 562 1280 polluitur
590 1213 787 1281 exponente,
814 1201 897 1262 enias
925 1210 1029 1262 natura
1053 1203 1088 1261 de
1115 1201 1203 1279 dure,
1232 1199 1315 1262 onina

239 1272 328 1348 *ortus
355 1305 394 1346 ex
424 1284 548 1362 virgine.
596 1282 651 1346 Coi
682 1286 808 1349 iliadat
828 1284 958 1366 genitrix
979 1285 1140 1348 nativitatis
1160 1285 1314 1366 originem,

248 1389 323 1451 quae
344 1369 538 1446 corruptionis
559 1371 651 1430 nescit
687 1390 833 1446 errorem,
865 1388 1003 1450 papyrus·
1019 1389 1086 1432 enrn
1116 1369 1203 1431 ιιὶιιιι
1232 1370 1316 1431 nirro

248 1457 386 1533 adoperta
405 1452 587 1530 subtegmine
608 1454 790 1516 flammarum
811 1455 965 1534 exequitur
986 1455 1171 1520 incremento.
1218 1455 1316 1533 Neque

249 1541 305 1602 boo
325 1539 387 1626 sipe
409 1536 544 1597 eoelestis
565 1537 664 1615 agitur
685 1539 850 1617 operatione
873 1539 1003 1616 virtutis,
1031 1542 1104 1618 qnod
1133 1541 1221 1602 taret
1239 1536 1317 1618 igni·

251 1626 305 1684 bue
331 1642 380 1682 res
409 1621 517 1682 nustrita
544 1623 717 1700 gurgitibus,
765 1625 937 1702 Agnoscunt
964 1635 1066 1684 corneto
1095 1634 1123 1684 te
1150 1623 1317 1699 Dominam,

250 1709 358 1786 tibique
379 1725 411 1767 se
430 1706 526 1766 sciunt
546 1706 642 1766 deberi
665 1709 738 1787 quod
760 1721 828 1768 nata
850 1719 938 1770 runt.»
973 1708 1102 1787 Dedisti,
1129 1708 1177 1787 pie
1205 1709 1319 1788 opifex,

251 1801 400 1854 erraturae
428 1810 562 1867 sensuum,
592 1810 665 1870 quoe
692 1813 779 1854 eornm
809 1793 899 1870 possit
928 1791 1091 1874 intelligere
1119 1803 1148 1853 et
1176 1795 1318 1855 bonorare
1406 1851 1408 1866 ,

250 1879 401 1942 faetorem.
446 1875 561 1936 intende
585 1876 742 1954 propitius,
769 1877 911 1953 Domine,
932 1878 968 1936 ad
991 1878 1077 1940 boios
1099 1877 1174 1938 cerei
1195 1877 1320 1938 devotis·

189 1957 198 1972 ⁸
252 1963 358 2024 simam
385 1960 569 2039 servitutem,
600 1971 630 2022 ot
657 1961 705 2039 qni
734 1961 881 2022 flammam
903 1961 1020 2040 gipnire
1041 1962 1184 2039 cernitur,
1219 1961 1320 2022 uenale

134 2121 139 2130 ,
252 2057 318 2110 tuoe
342 2043 548 2111 benedictionis
575 2057 726 2108 serenatus
755 2067 792 2108 ex
823 2045 932 2108 loruine
955 2047 1065 2108 eunetis
1086 2047 1125 2107 sit
1146 2046 1320 2126 expedibilis

252 2129 444 2192 adsalutem.
488 2129 620 2190 Resolvit
640 2129 775 2208 gravium
803 2131 930 2190 taurento
958 2131 1150 2211 languorum,
1177 2131 1321 2211 asperita-

253 2227 298 2277 tes
319 2234 439 2276 easnum
462 2213 580 2274 remedii
604 2213 810 2293 tranquiiiitate
824 2213 995 2294 confringat.
1040 2215 1146 2276 Omnia
1167 2217 1243 2276 rotis
1263 2215 1322 2278 lar·

253 2300 370 2379 piantem
391 2297 546 2374 humenis,
568 2297 616 2375 quui
635 2300 670 2358 de
692 2299 749 2368 tois
763 2299 1007 2362 benedictionibus
1019 2319 1170 2381 sumpsere
1184 2299 1321 2364 ostoun.

254 2384 367 2444 'l'riboe
396 2381 499 2458 etiam,
533 2381 665 2462 Domine
684 2394 800 2455 saneto,
834 2384 921 2444 Pater
954 2385 1135 2466 omnipotens
1162 2385 1259 2459 Deus,
1293 2389 1322 2444 nt

255 2469 319 2530 dies
339 2467 427 2528 buius
448 2467 591 2528 solemnia
611 2486 712 2528 saurae
735 2469 896 2546 pasrbatis,
920 2468 948 2528 iu
969 2488 1026 2550 qun
1049 2469 1259 2549 Redemptoris
1272 2487 1324 2528 no·

255 2553 308 2616 stri
332 2552 428 2632 gioria
455 2552 638 2630 praedicator
665 2560 692 2612 et
719 2553 815 2631 gratie
845 2572 910 2614 eum
931 2553 1056 2622 antistite
1078 2567 1176 2616 nestro
1199 2555 1236 2617 N.
1258 2572 1323 2614 nrm

256 2636 396 2718 gloriosis
420 2635 614 2715 principibus,
635 2657 701 2696 rum
723 2637 900 2716 presbyteris
920 2647 948 2700 et
969 2639 1156 2716 diaconibus,
1178 2639 1260 2699 elma
1279 2637 1324 2698 at·

225 2787 228 2802 ‚
257 2743 312 2802 que
333 2722 411 2782 omni
434 2719 510 2796 fideti
534 2721 640 2802 popolo
667 2723 722 2782 aab
750 2722 906 2784 nutritorum
935 2723 1081 2784 celebrere
1104 2724 1323 2786 enrricnbnn·

257 2825 372 2870 norom.
415 2805 520 2868 Amen.
562 2809 683 2868 Praesta
707 2825 759 2885 per
778 2806 936 2870 Dominum
961 2817 1091 2870 nostrum
1121 2807 1324 2870 tosrrm'Cbri·

259 2901 335 2952 stura
349 2887 456 2952 Filium
480 2899 577 2964 tuom,
598 2909 664 2950 eoru
686 2909 743 2968 quo
764 2891 816 2952 tibi
838 2901 882 2952 est
903 2911 963 2954 naa
981 2901 1010 2953 et
1030 2891 1199 2972 coaequatis
1223 2911 1323 2955 enen·

260 2973 300 3034 tio
322 2972 351 3033 io
374 2972 483 3034 onitate
505 2971 605 3034 Soneti
626 2973 754 3052 Spiritus
783 2975 812 3036 in
839 2977 958 3039 serenta
985 2977 1180 3040 soeculorum.
1222 2979 1322 3040 Amen.

259 3059 370 3131 Arnen,
392 3057 501 3131 Amen,
521 3057 613 3116 Amen
635 3059 670 3130 ad
701 3070 728 3118 te
754 3062 900 3128 ascendat,
942 3063 1045 3126 Arnen.
1079 3061 1161 3124 'Pax
1183 3059 1214 3124 in
1235 3063 1323 3124 coeio.

260 3145 365 3206 Amen.
406 3139 469 3202 Pax
491 3139 521 3200 in
544 3151 629 3204 terra.
673 3143 775 3205 Amen.
818 3143 885 3218 Pax
912 3145 1325 3225 etplroitndotaa,1)omi·

125 3233 141 3254 ³
261 3245 314 3300 ne,
342 3243 514 3303 supernos
541 3225 704 3288 descendat.
746 3229 850 3292 Amen.
897 3230 961 3292 Pax
984 3231 1104 3310 regitans
1130 3243 1158 3292 et
1180 3229 1326 3312 potestati·

262 3313 317 3373 bns
333 3309 467 3372 fidelibus
487 3309 597 3372 saecuti
620 3309 716 3374 boios.
754 3313 856 3379 brnen.
897 3311 962 3377 Pon
979 3315 1121 3376 ecciesiae
1140 3324 1208 3378 tuae
1228 3315 1325 3378 eatba-

263 3395 352 3474 tieao,
372 3412 446 3476 qnae
469 3403 513 3456 est
534 3393 565 3455 in
587 3393 664 3456 bone
685 3395 781 3460 beorn
802 3397 957 3462 constituta
977 3408 1006 3462 et
1026 3419 1079 3483 per
1093 3399 1261 3466 mrirersan
1282 3420 1326 3463 or·

263 3483 328 3544 bera
350 3479 380 3542 in
402 3497 474 3560 pace
494 3477 611 3542 diffusa.
653 3479 758 3544 Amen.
1145 3486 1149 3491 '

348 3729 468 3794 Festum
496 3731 651 3812 pascbtda,
684 3733 772 3796 totius
805 3735 884 3798 sacri
912 3736 1052 3819 temporis
1077 3738 1325 3822 iangcpriarepa

217 3898 220 3904 Ι
263 3823 350 3897 atque
375 3815 590 3880 nobilissimam
617 3818 797 3893 evanuisse
825 3819 874 3900 qai
897 3821 984 3886 naias
1004 3823 1075 3886 anni
1095 3824 1197 3904 spatio·
1212 3827 1325 3888 redeant

262 3901 375 3962 dierum
403 3901 544 3964 testornro
570 3899 656 3981 qnasi
682 3903 817 3983 reginaro
850 3914 880 3968 et
905 3924 937 3970 rt
961 3925 1069 3988 graeca
1097 3905 1174 3971 utar
1190 3909 1325 3972 menbris
1407 3927 1408 3936 ¹

264 3979 1074 4140 custodientebus
1088 3993 1326 4141 ”bend

209 4207 216 4214 ,
264 4163 323 4213 tem
344 4171 428 4214 suom
456 4090 577 4232 qoisffr‘re
604 4155 666 4218 dies
688 4157 779 4218 festos
800 4095 903 4222 mam
921 4095 1017 4223 duxerint
1038 4095 1206 4242 qusguprae
1227 4099 1327 4225 ouidii

264 4233 376 4312 dulgent
403 4246 488 4315 atque
516 4237 657 4316 emineat,
688 4249 718 4302 ut
747 4261 773 4302 e.
801 4246 1107 4326 prepotentibus
1134 4249 1227 4310 mooe
1250 4245 1327 4328 qnasi

259 4317 342 4404 ⁵ipris
366 4317 482 4384 divinus
511 4323 710 4404 apostotorum
732 4323 845 4391 asino
866 4329 997 4398 aoemdit
1018 4331 1110 4408 hora,
1131 4330 1161 4393 id
1184 4343 1230 4396 est
1250 4331 1327 4396 tertia
