2832 4978
605 527 607 538 Ι
675 415 771 498 sne

144 624 150 654 ι
227 597 324 662 Pedes
344 593 653 676 unxitshmimsrum
673 595 763 660 fluvio
780 615 859 677 *quse
877 595 1018 672 siluit„
1241 595 1264 656 ὁ
1342 599 1383 620 ”

13 707 15 714 ’
142 701 165 760 ᾗ
233 682 322 746 Cuius
345 681 427 746 tersit
446 697 475 745 et
496 681 650 762 culparum
670 680 979 762 veniam-premeruit.

233 817 326 890 Suum
348 813 420 879 iuvit
440 819 655 898 mundaturum,
677 817 741 878 niue
762 816 829 879 funs
850 813 1016 894 immaduit,
1115 817 1124 829 ‘

186 963 191 972 ,
230 901 318 966 Pium
339 901 414 964 fudit
433 901 491 966 tius
509 903 672 982 liquorem,
693 902 725 964 in
745 901 841 982 ipsum
862 899 1012 972 refleruit3

228 985 352 1050 Coelnm
372 997 466 1094 terrae
487 987 563 1050 deut
583 1007 680 1052 runem
688 995 801 1066 ,term
813 986 929 1050 eoelum
941 983 1090 1065 compluit.
1171 1004 1174 1012 ’

132 1145 138 1158 ’
229 1120 264 1186 ln
286 1095 434 1202 pruednlei
455 1121 596 1184 mixtione
617 1092 739 1186 nundum
761 1121 858 1183 senens
879 1117 1031 1200 pistiuunn,
1222 1115 1265 1180 10

231 1205 266 1268 in
288 1207 427 1287 unguenti
444 1207 560 1273 fusione
582 1216 682 1288 typum
702 1205 795 1287 gessit
816 1205 971 1288 mysticum
1059 1269 1062 1276 ,

231 1289 273 1355 Ut
295 1301 413 1354 sanetur
435 1293 567 1357 unctione
588 1292 674 1359 unxit
693 1307 786 1372 negnn
805 1291 961 1360 medicum.
1040 1323 1046 1330 ·

231 1425 285 1488 Pie
305 1423 442 1488 Christus
460 1425 537 1490 hane
557 1425 688 1508 respexit
709 1423 829 1506 speciali
841 1415 964 1506 'gratim
1016 1477 1019 1482 .

232 1509 311 1588 Quin
331 1510 455 1573 multum
474 1511 552 1573 hune
572 1511 675 1573 dilexit
697 1509 877 1572 dimittuntur
898 1509 986 1586 vitiu,

233 1593 346 1657 Christi
368 1595 482 1675 quando
503 1595 666 1660 resurrexit
686 1597 764 1657 fectu
784 1604 829 1658 est
850 1591 1031 1676 praenuntia.
1224 1593 1268 1656 le

107 1789 109 1794 .
143 1721 148 1736 '
234 1729 409 1793 Aestimavit
429 1729 618 1796 hortulanum
638 1739 667 1794 et
687 1731 743 1794 lune
763 1749 834 1792 sane
856 1729 993 1808 eredidit,

231 1813 392 1878 Seminuvit
412 1816 490 1878 enim
510 1824 637 1898 genuum
656 1817 733 1896 quud
754 1815 785 1876 in
807 1825 932 1877 mentem
954 1811 1072 1892 cesidii,

231 1899 380 1981 Linguam
399 1900 480 1964 novit
501 1911 529 1964 et
549 1920 608 1966 nen
629 1920 764 1980 manum,
787 1899 921 1988 linguam
941 1895 1078 1962 Chiistus
1098 1893 1211 1960 indidit.

232 2033 301 2111 Non
322 2034 441 2116 agnovit
461 2035 580 2118 figurali
601 2037 738 2100 latentem
760 2034 906 2116 imagine,
1271 2106 1275 2115 Ι

232 2118 344 2182 Mentis
363 2139 470 2202 agrum
489 2121 613 2202 spirituli
636 2121 817 2188 excolentem
839 2119 966 2198 semine,
1200 2157 1203 2164 ·
1222 2113 1267 2179 20

232 2202 291 2266 Sed
313 2224 379 2268 eum
399 2223 464 2268 enm
482 2200 606 2286 ‘speciali
627 2203 792 2286 designavit
812 2204 939 2271 nomine.

232 2337 317 2400 Hneu
338 2357 357 2400 a
376 2339 441 2401 iesu
467 2340 562 2406 iesum
584 2337 713 2422 quaerit,
734 2338 882 2407 subletum
903 2336 1105 2418 conqueritur,

231 2421 314 2486 iesus
334 2421 412 2487 intus
432 2434 558 2488 mentem
579 2426 672 2506 gerit,
694 2425 775 2487 lesus
794 2441 935 2506 praeseus
955 2419 1120 2502 quaeritur,

235 2505 365 2573 Mentem
386 2509 471 2590 eeiit,
490 2519 617 2578 mentem
638 2509 829 2588 sentimus,
851 2527 906 2570 nee
926 2505 1095 2590 percipitur.
1213 2537 1215 2541 ·

233 2633 302 2705 lesu
325 2645 416 2721 bene,
437 2643 504 2708 iesu
522 2645 588 2727 pie,
612 2644 679 2728 quid
700 2652 728 2708 te
746 2633 916 2707 menstruus
937 2641 1065 2714 latitass-
1224 2639 1268 2706 2⁶

236 2728 313 2804 Quid
334 2731 462 2794 oseultns
483 2742 511 2792 te
534 2731 664 2810 Muriee,
683 2739 810 2795 mentem
832 2729 915 2790 euius
935 2727 1070 2800 habitam

234 2811 315 2876 intus
334 2815 422 2896 piens
443 2835 512 2880 vene
535 2815 581 2880 die
602 2815 695 2888 neseit
715 2814 774 2878 nisi
796 2813 914 2877 veritas.

236 2946 262 3009 0
285 2965 372 3028 quum
392 2949 466 3012 mins
487 2952 554 3015 iesu
574 2951 651 3015 luidis
671 2950 721 3014 his
743 2917 849 3030 quiius
869 2945 1023 3028 diligeris,

235 3031 295 3091 Sed
317 3052 383 3094 eum
405 3034 482 3098 liudis
503 3055 562 3098 nun
583 3036 699 3116 illudis,
719 3055 774 3098 nee
793 3031 876 3098 iuliis
898 3051 952 3094 nee
972 3029 1103 3107 satieris,

159 3155 164 3162 -
237 3114 296 3176 Sed
321 3117 453 3182 excludis
474 3139 547 3200 quos
567 3119 708 3201 includis,
729 3129 816 3183 nutus
835 3137 896 3180 nen
916 3115 1097 3198 agnosceris.
1228 3111 1271 3176 30

237 3249 264 3312 0
285 3249 398 3332 Muriu,
417 3253 478 3316 nuli
499 3254 586 3336 flens,
607 3255 668 3318 iuuit
688 3275 747 3316 nen
768 3271 893 3335 quaeras
915 3250 1026 3324 slium3

237 3335 419 3398 Hortulanns
440 3339 490 3402 hie
510 3350 554 3403 est
574 3361 644 3404 vere
665 3349 693 3401 et
711 3339 833 3400 colonus
855 3336 1028 3414 nentium„

236 3419 316 3482 intre
336 3421 441 3486 mentis
462 3433 558 3487 ertum
578 3443 685 3508 quaere
704 3422 810 3487 mentis
830 3421 1006 3504 operarium.

237 3553 322 3616 Unde
343 3557 476 3636 planetus
497 3571 525 3623 et
548 3561 724 3638 iumentum,
748 3555 816 3638 qnid
838 3565 963 3618 mentem
987 3573 1045 3617 uun
1067 3549 1176 3632 erigis3

237 3639 315 3714 Quid
335 3641 464 3707 resolvis¹
482 3657 716 3724 monumentum,
736 3653 832 3705 teeum
853 3649 897 3702 est
919 3659 1004 3718 quem
1024 3635 1142 3718 diligis,
1227 3635 1270 3698 35

238 3723 336 3788 iesum
356 3729 489 3811 quaeris,
511 3741 539 3793 et
560 3732 709 3793 inuentum
727 3728 820 3792 hebes
841 3745 895 3788 nee
915 3721 1069 3802 intelligis.
1165 3758 1168 3766 ,

238 3859 322 3920 Unde
343 3863 455 3946 gemis,
477 3869 552 3930 nnis
575 3867 693 3948 ptores,
711 3879 815 3926 verum
835 3855 1106 3938 nanee-gaudium
1207 3925 1211 3934 .

239 3945 273 4006 iu
295 3955 323 4008 te
344 3947 415 4011 lutet
435 3955 510 4032 quud
532 3951 652 4032 ignores
674 3946 783 4008 doloris
806 3941 963 4017 solatium,

240 4031 322 4096 Intus
342 4035 455 4114 uates,
476 4037 592 4118 queaeris
613 4037 693 4097 forus
714 4027 866 4109 languens
887 4023 1058 4089 remedium·

239 4151 302 4214 inm
322 4173 382 4216 nun
402 4152 494 4216 unirer
514 4152 539 4213 si
561 4145 679 4210 nescisti
701 4129 875 4226 magistrum
895 4141 965 4204 eum
986 4141 1125 4219 seminet,

241 4237 348 4300 Semen
370 4239 445 4318 quieti
468 4243 511 4297 est
531 4235 652 4294 verbum
675 4229 783 4292 Christi
806 4239 834 4288 te
854 4226 950 4307 magis
972 4225 1131 4305 illuminat,
1190 4271 1196 4283 ,
1227 4225 1272 4292 40

241 4321 280 4385 tu
300 4319 435 4390 &iboni
455 4317 631 4400 respondisti
651 4333 720 4380 enm
739 4313 867 4378 Munium
888 4312 1028 4380 nomint.
