2836 4976
114 317 120 324 ’
241 333 349 412 x‘xrr

240 529 369 594 hostros
399 549 554 620 prospere
579 525 714 608 cedere,
737 528 941 598 Hermaeum
966 527 1157 622 Dryander,
1179 535 1231 604 vir
1252 533 1306 629 hy·
1364 515 1383 546 '¹

240 639 386 697 macrum
413 633 675 700 latinorum-non
711 631 814 698 miuus
843 655 936 721 quem
971 635 1227 722 germanicorum
1252 663 1304 730 pe-

240 731 337 812 ritus,
375 733 416 803 F.
435 736 473 801 Α.
500 731 721 812 Ecksteinius‚
754 732 880 822 collega
912 734 1154 806 litteratissimus
1182 747 1237 829 qui
1265 763 1303 812 ee

238 856 303 922 qua
323 835 406 904 sciet
426 835 619 906 humanitate
641 833 727 903 houd
746 834 950 903 mediocriter
980 858 1034 904 me
1060 839 1188 908 adiurit.
1237 843 1302 910 De·
1381 923 1383 934 Ι

238 936 334 1024 nique
354 959 565 1028 nontpossum
585 936 658 1024 quin
685 931 808 1026 g¹retias
825 959 922 1026 agam
950 935 1074 1006 duobus
1103 941 1175 1012 virio
1202 945 1253 1031 qui
1280 969 1301 1016 e

235 1038 344 1128 primis
372 1041 478 1130 operis
495 1039 589 1104 initiis
610 1061 669 1128 per
689 1049 790 1105 totum
816 1062 921 1106 meum
949 1038 1091 1108 laborem
1116 1044 1246 1112 consilio
1269 1057 1300 1116 et

235 1162 335 1230 opera
349 1141 424 1210 mihi
442 1139 625 1208 adsuerunt:
648 1143 732 1228 Aug.
751 1139 881 1230 Voigtio
897 1141 1034 1208 muueris
1048 1141 1226 1213 scholastici
1250 1169 1299 1214 sc·

233 1241 350 1312 cietate
372 1243 446 1310 mihi
465 1242 658 1308 iunctissime
687 1251 720 1308 et
740 1242 818 1308 chr.
846 1241 999 1310 Disdrich
1024 1265 1117 1332 quem
1147 1257 1180 1314 et
1201 1239 1298 1317 curri-

83 1351 88 1360 '
152 1399 158 1410 .
234 1343 298 1411 cuii
317 1325 498 1412 scholastici
525 1343 661 1411 societas
693 1354 726 1408 et
748 1343 862 1411 veteris
883 1345 1040 1412 amicitiae
1055 1343 1214 1418 uinculum
1233 1373 1297 1418 me-

232 1466 305 1512 cum
316 1447 426 1514 intime
449 1446 619 1514 coniunxit.
670 1445 796 1512 Harum
816 1447 952 1513 virorum
974 1467 1073 1538 opera
1092 1463 1188 1540 atque
1206 1453 1296 1522 indu-

103 1569 107 1580 ’
230 1547 307 1614 'stria
328 1552 360 1618 in
376 1547 457 1616 vitiis
477 1545 686 1638 exstirpandis
724 1557 757 1614 et
784 1547 991 1643 emendandis
1011 1551 1147 1619 maxime
1171 1551 1295 1624 adiutus

173 1657 177 1668 “
230 1637 318 1730 eum,
351 1673 540 1742 quamquem
570 1661 678 1718 etms
713 1657 747 1716 et
782 1649 854 1718 ilice
891 1649 1114 1724 emendatores
1134 1655 1295 1728 'nonnulle

228 1747 370 1844 fugerint
387 1751 513 1822 menda.

328 1905 426 1976 Ferit
453 1914 559 1973 numm
586 1903 745 1973 Dominus
783 1903 938 1972 ecciesiae
965 1903 1156 1987 christianae
1179 1911 1221 1980 0.
1239 1911 1300 2008 Μ.,ἱ

227 2010 317 2080 cuius
352 2009 505 2074 honorem
540 2029 650 2073 omnes
680 2006 788 2096 hymni
827 2005 1006 2086 celebrant,
1043 2031 1137 2098 quem
1170 2015 1293 2084 cantica

225 2099 412 2204 praedicant'
434 2119 467 2175 et
487 2109 672 2196 sequentiae
693 2129 764 2172 cum
786 2105 966 2194 antiphonis
987 2105 1131 2178 laudibus
1148 2117 1291 2185 certatim

225 2212 396 2290 extollunt,
443 2217 479 2276 ut
514 2208 568 2275 hic
609 2209 704 2274 etiam
742 2206 917 2274 studiorum
955 2217 1133 2279 nostrorum
1170 2213 1291 2287 fructus

223 2313 266 2382 ad
289 2314 424 2381 salutem
446 2309 603 2394 ecciesiae
622 2309 813 2376 christianae
841 2307 954 2378 micat
1017 2309 1192 2383 Offerimus
1210 2340 1290 2410 opus

106 2489 108 2498 A
221 2428 363 2484 nostrum
377 2425 527 2503 tanquam
541 2411 816 2479 donumomnibus
831 2410 1011 2500 quicunqne
1029 2436 1145 2484 nomen
1169 2417 1289 2492 Christi

222 2518 477 2595 moeremium,
502 2514 667 2582 efferimus
694 2513 892 2582 sanctissima
910 2513 1105 2606 redemptori
1133 2542 1194 2610 pro
1220 2524 1288 2600 uni-

219 2631 288 2689 tate
307 2631 405 2709 etqus
429 2616 556 2697 amabili
582 2613 739 2684 ecciesiae
766 2614 940 2684 concordia
963 2619 1154 2688 sacrificium
1183 2645 1288 2716 neque

218 2721 306 2791 eliud
332 2720 408 2812 quid
431 2743 473 2786 ex
498 2719 610 2788 intimo
638 2718 745 2788 auimo
765 2739 951 2808 precamur,
989 2719 1047 2788 uisi
1072 2732 1108 2790 ut
1125 2722 1185 2812 ipsi
1205 2749 1286 2815 quo-

217 2847 282 2915 que
302 2823 474 2892 medemur
488 2819 566 2892 iilud
580 2819 666 2910 quud
696 2818 739 2888 de
765 2817 961 2890 ememtes
988 2823 1173 2914 patriarcha
1205 2831 1285 2900 scn‘-

217 2939 307 3020 ptam
330 2925 482 3016 legimus:
508 2923 673 3014 Respecit
688 2921 849 2990 Dominm
867 2921 916 2990 cd
932 2945 1068 2994 munere
1088 2929 1170 2998 eius.

315 3073 501 3147 Scribebam
515 3071 609 3142 Halia
627 3071 659 3140 in
673 3069 889 3164 paedagogio
909 3073 1020 3167 Regio

407 3179 461 3248 dre
473 3175 566 3246 XXI.
576 3175 652 3244 Maii
668 3173 919 3246 Mucuoxm.

669 3943 839 4016 Herm·
859 3939 1033 4016 Malle·
1053 3937 1234 4021 Raude!

893 4051 940 4094 eu.
961 4051 1010 4098 iifl·
