2848 4978
228 585 311 656 ptimo
327 582 415 638 hostia
436 605 487 640 non
510 587 585 644 deba
599 599 661 640 ‘esee
683 585 775 642 salsae
800 591 842 640 ita
864 605 966 640 usmeta
990 588 1025 640 sit
1049 590 1105 642 tine
1127 591 1305 646 amaritudine

229 655 354 706 inuidiae.
389 655 424 706 Et
440 656 478 708 sie
492 677 539 726 per
552 657 598 708 hoe
621 662 717 726 septem
741 659 897 709 conditiones
920 657 1092 726 designantur
1115 671 1209 729 septem
1238 665 1304 715 uitia

230 721 503 861 ppp'iffilighpicppibus
520 725 594 777 tono
612 727 684 778 debet
703 745 755 777 esse
772 729 912 778 mundatus
932 725 1017 777 uolens
1041 728 1121 798 digne
1140 731 1302 816 manducare

341 1015 494 1104 ccxltl.
549 1021 604 1090 De
625 1021 739 1088 eadent
764 1019 953 1108 festivitate
974 1025 1021 1090 ad
1040 1025 1187 1094 Laudes·

226 1160 354 1230 Verbum
375 1179 534 1242 supernum
555 1159 693 1242 prodiens
788 1158 829 1221 So
849 1178 973 1225 umacus
994 1162 1072 1225 dedit
1090 1163 1204 1228 sociam

224 1251 288 1315 Neo
295 1246 386 1330 patris
393 1245 526 1326 linquens
536 1247 697 1326 dexteram,
788 1243 974 1310 convescens
994 1247 1025 1310 ia
1043 1248 1187 1329 edulium,

175 1393 177 1400 ,
226 1335 271 1399 hd
294 1353 368 1414 opas
388 1349 476 1393 suum
498 1330 600 1397 exieus
788 1329 831 1390 Se
851 1329 979 1394 moriens
1001 1331 1031 1394 iu
1051 1331 1193 1414 pretium,
1260 1334 1301 1400 15

225 1417 311 1486 lenit
330 1418 368 1480 ad
388 1415 465 1479 ritas
486 1433 649 1496 vesperam.
700 1433 716 1466 ο
787 1411 828 1476 Sc
841 1433 969 1496 regnans
981 1417 1030 1478 dut
1042 1417 1071 1479 iu
1083 1415 1257 1498 praemium.

225 1552 261 1616 Iu
282 1560 443 1615 mortema
463 1547 605 1630 discipulo
715 1547 738 1610 ὁ
789 1547 815 1610 0
835 1548 974 1612 salutaris
992 1549 1089 1613 hostia

226 1636 298 1701 Sais
319 1635 473 1699 tradendus
494 1631 634 1712 aemulis,
787 1633 871 1710 Quae
891 1633 965 1708 coeli
988 1635 1092 1714 pondis
1113 1635 1237 1719 ostiam,

226 1721 315 1784 Prius
336 1721 367 1783 iu
390 1719 467 1781 vitae
488 1717 598 1779 ferculo
786 1717 871 1780 Bella
892 1729 1027 1799 premant
1046 1719 1167 1783 hostilio

226 1806 267 1869 Se
289 1803 405 1868 tradidit
425 1801 587 1883 discipulis.
784 1800 834 1864 Da
853 1803 961 1883 robur,
982 1805 1028 1866 fer
1045 1803 1200 1872 auxilium.
1255 1805 1301 1874 2⁰

225 1939 341 2018 Quibus
362 1939 417 2002 snb
438 1936 507 2000 irino
527 1933 625 2018 specio
788 1935 847 1998 Uni
868 1935 1001 2018 iriaeque
1022 1937 1138 2002 domiuo

225 2024 352 2088 Carnem
363 2023 440 2084 dedit
451 2031 479 2083 et
490 2020 674 2102 sauguinem,
695 2019 738 2086 10
788 2019 834 2082 Sit
854 2023 1031 2102 sempiterna
1052 2023 1163 2105 gloria:

173 2113 178 2126 '
224 2109 265 2172 tu
287 2106 411 2191 duplicis
432 2105 610 2169 substantiae
787 2105 847 2182 Qui
867 2105 957 2169 vitam
979 2107 1043 2170 siue
1063 2109 1187 2172 termino

225 2193 465 2268 'l'otnmoilsaret
483 2189 642 2254 homiuem.
786 2188 879 2254 Nobis
902 2193 988 2256 donet
1008 2193 1040 2256 in
1060 2193 1166 2276 patria.

665 2337 835 2349 ——n—

309 2418 469 2502 Aptissima
500 2419 534 2485 S.
562 2419 696 2482 Thomas
725 2437 843 2482 carmen
872 2441 957 2486 soum
983 2423 1092 2506 hymno
1113 2420 1181 2486 lecit
1201 2421 1298 2486 simile

223 2503 377 2570 notissimo
404 2507 440 2566 de
466 2503 623 2568 Nativitate
644 2503 763 2566 Domini
794 2505 977 2590 (Llllllll),
1010 2528 1080 2572 uam
1099 2508 1242 2572 festivitas
1264 2508 1298 2573 S.

166 2667 168 2680 Ι
223 2589 443 2670 Eucharistiae,
480 2608 537 2671 qua
569 2610 624 2672 per
657 2588 755 2651 omniu
787 2591 905 2654 saecula
930 2591 1058 2656 Verbum
1092 2611 1159 2655 caro
1186 2593 1298 2656 facttum

223 2675 366 2762 habitabit
386 2677 418 2737 ia
446 2675 548 2754 uobis,
577 2674 645 2755 qnid
665 2674 771 2736 halent
798 2675 948 2739 affinitatis
970 2697 1037 2738 cum
1057 2676 1214 2740 Nativituto
1234 2677 1298 2740 Do-

222 2761 376 2822 miuinou
399 2770 442 2821 est
464 2759 539 2840 quod
560 2759 655 2822 fusius
677 2759 880 2838 explanemus.
924 2761 1090 2824 Ecclesiam
1122 2761 1199 2824 idem
1228 2781 1297 2824 scu·
1376 2836 1384 2848 ι

223 2845 278 2907 tire
300 2844 329 2904 id
351 2844 506 2926 perspicae
525 2845 623 2924 docet,
653 2846 734 2923 qaod
756 2843 786 2905 in
817 2845 1010 2907 sollemnitate
1032 2847 1163 2926 eorporis
1183 2843 1294 2908 Christi

146 2952 152 2972 ¹
223 2937 253 2990 et
289 2947 343 3010 per
377 2937 466 2990 totam
487 2929 636 2992 ‚Octavam
663 2935 796 2989 conatur
821 2927 967 2991 Praefatio
994 2932 1029 2994 de
1057 2930 1224 2996 Nativitate.
1252 2964 1295 2979 -

224 3014 275 3077 17.
296 3013 519 3092 inquinatam
540 3011 745 3075 vetustioribus
766 3011 879 3076 ostia.
919 3015 976 3079 st.
1004 3037 1033 3080 r.
1064 3015 1114 3078 19.
1142 3015 1295 3080 audiamus

222 3095 458 3168 (illeillovtlettmt
478 3107 638 3173 potissimum
662 3105 731 3156 bella
755 3105 904 3173 spiritualia
927 3119 952 3158 et
979 3121 1069 3162 cantra
1089 3108 1172 3162 hones
1189 3109 1294 3160 animae

221 3187 266 3252 qui
284 3203 329 3234 nos
348 3183 460 3247 quotidie
484 3179 623 3249 infestant.
672 3179 742 3230 Nam
765 3191 794 3230 ut
818 3182 889 3232 canit
913 3182 1021 3234 eeclesia
1045 3185 1197 3247 ‚mutulam
1221 3200 1293 3248 catu,

221 3251 358 3306 daemonia
377 3251 478 3302 diuersa
495 3259 592 3298 monast
608 3245 740 3316 proelia.“
776 3249 871 3298 Contra
888 3269 954 3316 quae
961 3255 1128 3321 praecipuum
1150 3253 1294 3304 munimen·

221 3330 276 3371 turn
295 3331 319 3369 et
335 3319 494 3388 praesidium
515 3329 551 3367 est
569 3327 736 3366 sacrosancta
754 3317 913 3368 eus-laristia
936 3320 963 3370 in
987 3339 1040 3386 qua
1057 3321 1198 3370 continetur
1215 3337 1294 3368 sera-

220 3389 284 3439 eiter
300 3387 417 3438 dontinus
428 3385 527 3455 fortis,
552 3385 668 3434 dominus
689 3397 778 3452 potens
804 3387 832 3435 in
854 3385 966 3454 proelio,
995 3390 1111 3440 dontinus
1128 3385 1251 3437 uirtutum
1269 3397 1294 3438 et

219 3473 268 3507 eso*
282 3455 394 3526 gloriae.
432 3457 546 3505 Ceterum
563 3471 620 3503 aem
639 3455 717 3502 etiarn
735 3453 881 3522 corporalia
899 3455 969 3506 betta
986 3475 1031 3508 nos
1054 3455 1198 3578 irpestant,
1221 3456 1295 3524 pium

220 3528 360 3590 modian
377 3533 402 3574 et
420 3521 569 3592 religiosum
586 3533 624 3570 est
641 3524 679 3570 ad
695 3521 770 3572 huius
788 3523 815 3572 S.
835 3527 992 3576 sacramenti
1006 3523 1137 3577 auxiium
1156 3525 1294 3590 petendum

217 3613 264 3662 per
291 3593 360 3642 hane
385 3593 525 3658 orationem
548 3589 696 3658 suppliciter
719 3588 797 3658 eorffu
820 3611 868 3640 ere.
907 3593 983 3655 Quod
1005 3613 1062 3644 eum
1089 3591 1174 3644 multa
1195 3594 1294 3660 pietate

218 3661 387 3730 superioribus
400 3661 475 3710 urinis
491 3659 665 3728 perspeximus
674 3657 767 3726 palam
786 3609 914 3708 adseruari
920 3697 927 3724 ,
948 3681 1005 3710 eum
1018 3663 1184 3726 undequaque
1197 3661 1223 3709 in
1235 3657 1293 3728 flc-

219 3731 391 3780 rentt'esimum
412 3727 519 3780 Galliae
535 3745 641 3796 regnum
660 3728 788 3777 coniurati
805 3728 964 3797 insurgerent
982 3729 1074 3779 hostes.
1118 3729 1164 3777 Ad
1187 3745 1293 3794 quorum

218 3797 344 3865 improbos
368 3809 476 3848 conatus
493 3798 663 3864 reprimendos
686 3797 716 3846 id
736 3793 907 3845 laudabiliter·
928 3797 1074 3847 institutum
1098 3807 1150 3862 eet,
1175 3797 1243 3862 quod
1265 3797 1294 3848 itt

218 3865 359 3916 elevatione
375 3855 548 3916 sacratisima·-
563 3865 674 3934 eorporie
692 3873 715 3913 et
732 3863 869 3932 sanguinis
889 3863 984 3914 Christi
1009 3867 1037 3914 in
1054 3867 1108 3932 ipso
1130 3863 1226 3914 altaris
1242 3883 1293 3914 sa·-

219 3933 318 3999 erifieio
333 3953 380 4000 per
396 3935 483 3984 amnia
504 3931 579 3994 loca,
604 3951 671 3998 quae
688 3931 763 4000 regni
780 3929 852 3980 illius
870 3933 969 3980 amln'tu
993 3935 1167 3996 eontinentur,
1192 3933 1292 3982 decan·

218 4011 262 4050 tar
276 4013 318 4050 tur
335 4020 354 4050 a
377 4001 452 4053 choro
470 3999 595 4070 fidelium
619 4000 663 4050 irie
685 4015 769 4048 uersus
793 4015 835 4060 „a
858 3997 1009 4048 salutaris“
1038 4003 1106 4066 quod
1139 4015 1293 4070 magnopere

219 4021 293 4118 eredo
310 4069 447 4120 contulisse
463 4073 501 4120 ad
514 4086 606 4136 paoem
622 4067 758 4136 placidam
780 4075 804 4114 et
829 4065 1046 4144 tranquillitatem
1069 4065 1161 4137 paullo
1182 4080 1240 4136 post
1263 4069 1292 4118 in

215 4137 350 4273 pmnibzb
364 4139 439 4207 regni
458 4137 559 4208 finibus
588 4137 733 4199 obtentam,
769 4149 836 4198 quae
864 4135 990 4200 imprimis
1021 4137 1078 4185 Dea
1109 4147 1218 4206 accepta
1246 4155 1293 4187 re·-

236 4221 284 4253 errs
351 4215 385 4254 et.
