2832 4978
669 415 772 496 806

184 621 219 664 au
245 595 419 662 Germaniae
446 593 637 678 salandariia,
663 595 808 677 imprimis
834 613 936 662 earam
963 595 1154 664 eeclesiarum
1179 612 1255 678 quas

186 686 237 748 iiie
258 684 305 746 vei
327 683 459 744 inundavit
479 682 526 746 nei
548 683 718 775 nununeribqs
740 677 955 764 honoribusque
976 683 1059 745 annuit
1080 690 1108 742 et
1129 680 1254 742 ornarit.
1317 687 1323 696 “

186 766 379 850 aquisgrani,
392 767 555 843 nittesiuo,
573 766 926 847 assumamusque,
942 763 1157 846 Huibarstsdii,
1169 761 1258 828 ibn·

186 853 251 934 regi
273 851 396 934 (Canis.
414 853 496 915 Laut.
510 851 610 930 Autiq.
630 853 718 915 Tum.
739 851 788 916 Vl.
810 873 839 932 p.
853 851 916 914 437
940 853 1025 932 sqq.)
1046 871 1073 914 e.
1096 869 1124 918 a.
1146 852 1258 914 festam

187 939 250 1002 eius
272 940 284 1018 t
294 935 426 1000 xxtttt.
447 936 506 1000 ian.
530 938 567 1000 oi.
580 939 643 1000 Aet.
658 937 756 1000 Sauet.
770 937 817 998 ael.
829 935 860 1000 in.
874 938 924 1018 d.)
946 937 976 997 in
993 937 1076 998 iestis
1096 935 1257 1005 maioribus

186 1023 361 1098 habebatur,
382 1040 436 1082 nea
457 1021 547 1082 besutii
568 1021 690 1084 Festum
701 1020 920 1106 Translatianis
941 1021 974 1084 S.
995 1019 1096 1084 Garuli
1117 1017 1259 1094 (XXVII.

187 1107 276 1188 lulii)
303 1107 327 1168 1.
354 1105 387 1171 B.
411 1105 565 1167 Raussoan
591 1105 619 1168 in
649 1107 725 1167 libra
755 1105 803 1186 qui
833 1106 991 1187 inscriptus
1012 1117 1070 1167 est:
1098 1106 1260 1184 „Purpur-

186 1192 284 1256 riolen
304 1191 355 1251 der
375 1187 538 1268 Heiligau“
560 1189 618 1254 Th.
641 1193 670 1253 5.
692 1213 719 1272 p.
740 1191 803 1277 239
830 1203 944 1268 narrat,
972 1187 1149 1252 academiam
1170 1188 1260 1248 Lute-

121 1275 127 1296 “’
188 1276 310 1338 tieusem
339 1290 415 1336 anno
452 1274 533 1337 1661
562 1271 594 1337 S.
622 1271 760 1336 Carvium
790 1285 905 1336 areasse
932 1271 1085 1355 patruinum
1114 1285 1145 1335 ut
1172 1291 1261 1352 quem

189 1361 352 1424 Germanos
377 1357 437 1421 iam
461 1359 498 1418 ab
519 1377 595 1420 anno
627 1358 710 1422 1480
744 1379 810 1420 eum
837 1359 962 1421 uoluisse
983 1359 1119 1424 affirmat.
1160 1361 1262 1435 uasa

190 1443 332 1506 sententia
353 1443 476 1506 fortasse
506 1463 565 1504 nau
580 1444 731 1504 ,abhorret
757 1444 872 1506 Aeneas
895 1443 1014 1525 Sylvius
1037 1443 1184 1508 Germa.
1209 1443 1261 1518 1⁰,

191 1549 259 1591 eum
305 1536 392 1607 sapuit
424 1525 522 1588 Caroli
559 1526 605 1592 M.
646 1527 721 1590 iuter
762 1527 903 1608 reliquias
943 1528 1122 1610 tiquisgraui
1161 1545 1261 1588 asser·
1319 1543 1321 1546 ·

191 1613 255 1676 rari
283 1612 381 1675 refert.
429 1610 564 1702 Hymaqs
592 1631 682 1692 snpra
710 1611 834 1693 scriptus
855 1613 1024 1694 desumptus
1048 1622 1092 1674 ent
1112 1629 1152 1673 ex
1172 1607 1260 1672 Beer.

191 1695 444 1760 Halberstudeusi:
475 1695 506 1756 in
535 1717 591 1776 quo
620 1695 781 1776 significari
807 1697 934 1777 plurima
960 1698 1107 1779 miracula
1127 1697 1163 1757 ab
1191 1713 1263 1756 sau·

192 1791 237 1844 eto
259 1780 434 1860 imperatore
455 1791 583 1860 patrata,
604 1780 710 1844 mirum
723 1802 780 1842 nnau
795 1791 853 1854 ast;
874 1801 943 1844 nanu
955 1783 1003 1844 inis
1016 1781 1155 1844 ecelesiae
1176 1777 1264 1840 libris

193 1866 319 1929 Carolus
340 1865 469 1942 Magnus
491 1885 611 1945 prorsus
633 1866 669 1926 ¹in
689 1867 854 1928 fabularum
878 1867 1030 1946 regionem
1050 1867 1158 1927 abiisse
1182 1865 1264 1924 vide·

161 1969 165 1976 ·
194 1959 251 2015 tur.
309 1949 411 2028 Neque
446 1948 574 2011 alienum
615 1961 659 2012 est
700 1953 805 2012 addere
823 1953 917 2030 ‘quod
950 1949 1133 2014 Bretiariunn
1169 1963 1263 2029 supra

192 2035 341 2100 isnddum
363 2043 462 2095 narrat
483 2035 519 2094 de
539 2034 598 2094 vita
618 2034 651 2097 S.
676 2029 775 2096 Caroli
804 2035 859 2113 (de
881 2035 1008 2115 singuiis
1030 2038 1068 2098 ef.
1090 2036 1175 2096 Perta
1192 2033 1263 2094 Ma-

193 2139 274 2183 num.
296 2115 395 2180 Germ.
417 2118 504 2181 Tomi
522 2117 559 2181 V·
580 2139 609 2197 p.
630 2117 731 2200 708):
751 2119 832 2184 Leti.
855 2119 877 2180 l.
897 2131 934 2180 B.
958 2129 1065 2180 Carolus
1081 2147 1129 2180 rex
1145 2145 1161 2178 a
1177 2145 1262 2196 praa-

195 2209 232 2257 vie
253 2207 357 2275 regibus
374 2205 509 2267 oriundus,
536 2217 593 2253 erat
616 2204 720 2270 capillis
743 2206 847 2270 prunis,
866 2203 944 2272 faeie
965 2205 1078 2266 nubentes
1094 2205 1263 2272 conparede*

196 2292 268 2336 eene,
293 2265 338 2321 s'ed
358 2273 415 2320 'visu
437 2271 549 2340 efferus.
591 2271 702 2322 Statura
721 2275 773 2322 eitra
791 2284 846 2323 acta
860 2272 982 2340 pedibus,
1001 2273 1111 2323 humeris
1128 2270 1264 2339 arnplissi*

197 2361 268 2404 mus,
293 2340 394 2390 renibus
419 2351 520 2408 aptue‚.
540 2351 625 2388 ventre
648 2359 790 2411 congruae,
814 2341 940 2390 bracebiis
963 2353 986 2390 ut
1004 2343 1119 2390 eneribus
1139 2355 1264 2410 grassare:

196 2410 311 2460 asserribus
332 2409 439 2457 artubus
450 2406 621 2475 jbrtissimust
662 2410 805 2460 Certamini
818 2408 907 2471 velox,
926 2409 998 2458 miles
1011 2411 1165 2472 acmrimus,
1182 2407 1265 2459 ocutis

196 2475 398 2528 scintillantibus
420 2487 448 2525 ut
472 2475 652 2528 carbunculus.
696 2477 783 2530 Ormnis
813 2479 886 2527 barrio
914 2479 1005 2526 statim
1019 2479 1167 2544 perterritus
1197 2489 1264 2540 erat,

196 2565 269 2612 quem
287 2547 311 2594 b.
332 2543 454 2608 caretas,
472 2547 515 2593 ira
532 2558 683 2608 cararuotuo,
702 2547 797 2612 tipertr's
814 2545 894 2595 arulis
911 2547 1070 2613 respiciebat.
1105 2547 1188 2596 Douis
1205 2545 1268 2596 lar·

194 2615 335 2685 gissimus,
353 2613 457 2662 iudiciis
476 2623 572 2675 rectus,
591 2611 759 2664 loetitiant'bus
775 2613 933 2676 lutulentus,
954 2613 1050 2664 multas
1068 2626 1150 2664 terras
1170 2631 1202 2664 ac
1219 2613 1249 2663 di
1255 2639 1267 2652 -

199 2699 283 2733 vereas
301 2682 436 2746 aeqseisivit
453 2693 477 2730 et
500 2681 599 2731 Cieristi
616 2684 715 2732 numine
738 2683 889 2733 subintravit.
926 2682 1010 2744 Quam
1032 2681 1159 2750 plurimas
1180 2681 1265 2731 ecele-

198 2753 252 2800 sias
269 2747 431 2799 cathedrales
449 2760 473 2799 et
491 2749 613 2799 abbatias
627 2769 673 2818 per
691 2753 811 2800 reuredum
829 2751 941 2801 instituit
951 2755 982 2800 'et
994 2750 1148 2801 sollemniter
1159 2752 1267 2800 ditavit.

199 2817 280 2882 Lecb.
305 2813 355 2876 {Le
374 2825 460 2872 Beato
477 2823 557 2873 etiam
577 2823 669 2874 Carula
685 2843 738 2874 uua
757 2826 868 2880 etodium
885 2827 913 2875 in
930 2828 1029 2875 exstasi
1043 2828 1126 2894 posita
1142 2827 1268 2894 apparuit

200 2903 229 2953 S.
248 2901 356 2950 Iacobus
374 2895 503 2963 apostolus
525 2899 632 2960 Christi,
644 2898 737 2966 frater
753 2901 857 2949 Ioannis
875 2902 1064 2969 evangelistae,
1084 2903 1186 2951 dicens.-
1216 2901 1266 2954 Ul-

199 2983 245 3021 tra
262 2970 363 3017 madunt
382 2967 473 3028 miror,
499 2983 544 3013 cur
564 2977 660 3016 terram
681 2985 764 3016 meam
790 2985 808 3015 a
834 2968 984 3020 Sarracenos
1010 2972 1112 3020 miru'me
1139 2969 1265 3033 liberasti,

200 3037 244 3104 qui
268 3047 305 3086 tot
324 3047 406 3084 terras
428 3043 566 3098 tantasque
582 3035 655 3083 urbes
672 3035 839 3099 acquisivisti.
878 3037 949 3086 Unde
971 3040 1020 3088 tibi
1048 3037 1169 3157 maffia:
1199 3041 1266 3088 simet

200 3106 317 3158 dontinus
332 3101 496 3168 potentiorem
515 3101 626 3149 umidum
643 3121 732 3170 regnem
750 3115 902 3154 terrenarum
921 3117 946 3154 te
953 3105 1042 3174 ferit,
1067 3109 1090 3156 si
1127 3109 1164 3156 ad
1183 3124 1266 3174 prae>-

198 3173 348 3244 parandum
365 3169 413 3218 iter
430 3187 513 3220 nuum
531 3180 555 3218 et
572 3167 732 3220 liberandam
751 3169 867 3220 tellurem
886 3191 969 3224 rasam
983 3194 1001 3223 a
1018 3176 1136 3226 manibus
1152 3175 1267 3227 Moabi-

200 3262 287 3301 tarum
304 3247 371 3296 inter
394 3259 478 3292 amnes
501 3253 528 3292 te
551 3240 639 3311 elegit.
674 3231 756 3300 Lecl.
774 3231 840 3299 ssim
860 3249 904 3300 Sic
924 3251 948 3300 b.
976 3251 1099 3314 Carolus,
1122 3251 1269 3320 apostoliam

196 3325 361 3397 promissione
395 3331 477 3383 ΝΜ,
495 3318 649 3370 ‘mmmm
666 3323 716 3370 tibi
732 3325 884 3378 exercitibus
901 3325 1005 3389 multis,
1023 3329 1060 3378 ad
1076 3331 1268 3396 expugnandae

196 3407 287 3466 gentes
316 3411 361 3462 per
384 3391 433 3441 das
462 3389 623 3456 Hispaniam
651 3390 780 3460 ingressus
807 3409 843 3447 est
872 3403 895 3446 et
925 3394 1021 3448 obsedit
1050 3393 1268 3462 Pampbilvm'am.

200 3465 287 3528 Quam
305 3479 395 3531 capere
418 3475 467 3508 aaa
490 3467 607 3524 poterat,
631 3461 693 3526 quia
716 3461 795 3511 muris
820 3462 1064 3536 inexpugnabilibus
1081 3463 1179 3514 munita
1199 3481 1270 3520 eran

202 3535 276 3584 Tunc
293 3531 317 3581 b.
338 3527 446 3582 Carolus
467 3537 554 3576 votum
578 3527 645 3576 vovit
670 3529 785 3594 aieirins,
811 3529 913 3584 dicens:
942 3533 1051 3582 Darrrine
1076 3531 1133 3594 Iesu
1157 3530 1266 3602 Christe,

196 3620 243 3670 pro
262 3602 333 3653 cutiae
348 3597 405 3664 fide
420 3599 448 3646 in
464 3596 504 3646 bis
522 3595 590 3646 boris
610 3591 721 3662 (arist)
746 3597 783 3648 ad
800 3601 1002 3671 expugnandam
1017 3613 1120 3669 gentem
1136 3597 1267 3670 perfidam

199 3672 266 3724 veni.
307 3669 354 3717 Da
371 3665 434 3718 mitri
457 3665 526 3716 barre
549 3665 636 3716 urbem
653 3684 743 3736 capere
767 3669 803 3717 ad
826 3674 902 3721 decere
918 3667 1025 3719 nominis
1039 3669 1088 3724 tui.
1125 3667 1282 3738 Olacabe,

197 3745 221 3794 ei
239 3761 324 3794 verum
341 3749 394 3804 est,
413 3742 480 3804 quod
498 3741 562 3790 milii
575 3744 733 3812 apparuisti,
753 3745 788 3793 eia
807 3743 870 3796 inibi
887 3764 977 3814 sapere
988 3733 1093 3794 urbem.
1113 3731 1195 3796 Leti.
1214 3737 1266 3804 lv.

202 3809 276 3866 Tum·
293 3817 349 3864 Deo
367 3815 446 3864 dante
463 3825 486 3862 et
505 3815 529 3862 b.
551 3816 639 3868 Carula
657 3831 746 3868 orante
757 3821 824 3868 inuri
835 3817 1095 3886 coffraetifunditue
1112 3821 1265 3876 ree-iderunt.

204 3885 280 3934 Urbes
295 3902 340 3946 per
357 3899 413 3932 eura
431 3883 588 3948 acquisitae,
606 3887 696 3950 quibus
710 3885 861 3951 maledixit,
887 3890 981 3952 absque
999 3887 1145 3936 habitatare
1159 3907 1266 3954 perma-

199 3964 259 4002 nent
283 3965 359 4016 usque
382 3951 409 4000 in
435 3951 584 4000 hodiernum
607 3955 683 4004 diem.
727 3949 883 4006 Sarrae-enas
905 3973 962 4006 vero
986 3957 1014 4004 ia
1037 3956 1099 4004 urbe
1120 3959 1265 4025 existentes,

198 4021 243 4086 qui
260 4018 390 4086 baptisari
409 4017 555 4081 noluerunt,
596 4018 667 4072 ladio
686 4023 842 4085 trucidavit,
858 4035 951 4080 ceteras
969 4025 1006 4072 ael
1021 4026 1102 4072 vitam
1118 4033 1265 4082 reservatis,

198 4085 249 4136 liis
267 4085 366 4135 auditis
380 4085 541 4136 mirabilibus
579 4091 698 4146 sarraceni
720 4109 804 4140 ornnes
820 4093 846 4142 b.
868 4090 959 4150 Catulo
982 4092 1074 4156 ubique
1088 4098 1206 4160 pergenti
1222 4087 1268 4148 in*-

199 4153 350 4217 elisatam,
375 4165 399 4202 et
417 4155 551 4204 mittebant
576 4157 678 4206 obviam
702 4151 726 4205 ei
747 4159 872 4210 tributum
892 4170 916 4210 et
932 4160 1073 4210 reddebant
1093 4159 1116 4208 ei
1133 4179 1159 4208 se
1174 4177 1198 4214 et
1215 4185 1264 4218 us..

199 4229 241 4277 bee
258 4245 329 4277 suae.
365 4220 400 4276 iit
417 4225 497 4288 fetata
516 4239 553 4278 est
566 4229 590 4278 ei
606 4241 664 4280 tata
679 4242 749 4280 terra
765 4231 816 4281 itta
832 4235 996 4285 subtributa.
1012 4275 1014 4284 ,
1031 4225 1112 4288 Leti.
1133 4221 1168 4289 V·
1190 4243 1266 4297 Tum·

198 4303 276 4367 etiam
296 4319 354 4352 eura
371 4301 396 4352 b.
417 4299 525 4356 Carolus
543 4299 636 4358 tedam
656 4314 746 4360 curura
764 4307 967 4378 «iugulandum,
989 4327 1075 4382 regem
1092 4313 1263 4384 Africanum,
